2626 3230
1248 232 1545 273 ...6-

604 362 685 403 qua
716 345 879 404 quidem
913 358 1007 402 apta
1040 352 1210 405 cuique,
1272 365 1346 391 nec
1376 365 1473 391 vero
1505 350 1609 391 falsa
1639 358 1680 392 et
1711 352 1936 407 perniciosa
1967 351 2185 407 praecepit.

604 406 702 447 Erat
735 412 869 446 autem
900 408 1166 462 Xenophonti
1204 423 1404 449 summum
1436 408 1589 449 bonum
1620 409 1717 450 nihil
1748 410 1882 462 aliud,
1941 424 2064 465 quam
2093 408 2184 450 seli-

604 465 704 504 citas
736 476 862 519 opera
893 473 933 506 et
964 465 1107 506 labore
1145 472 1284 521 parta,
1345 466 1533 509 omnibus
1572 467 1815 509 utilitatibus
1845 467 1896 509 ad
1925 469 2049 509 vitam
2082 465 2187 508 bene

605 521 804 577 beateque
840 524 1035 576 agendam
1066 524 1396 579 conspirantibus
1416 523 1477 580 ⁸),
1538 526 1698 579 singula
1739 532 1874 566 autem
1909 525 2018 566 hona
2056 524 2187 565 robur

606 587 646 621 et
673 579 906 631 dexterius
932 582 1130 638 <eorporis
1172 589 1214 624 et
1258 581 1366 629 bona
1406 582 1622 635 valetudo,
1680 584 1882 624 exercitiis
1922 583 2183 640 gymnasticis

605 650 756 692 quaere
965 642 967 645 ’
992 642 1044 682 tis
1075 641 1192 694 vigor
1221 640 1544 696 facultatumque
1573 641 1752 685 ennium
1783 641 1957 692 sanitas,
2000 638 2181 695 discipli·
2198 660 2211 667 ·

602 709 702 746 nae,
746 696 867 739 sicut‘
931 697 1172 755 ''losophia,
1224 697 1496 751 arithmetica,
1542 700 1786 751 geometria,
1838 699 2088 738 astronomia
2114 697 2181 748 al.,

601 760 732 804 artes,
794 757 988 808 amicitia,
1049 770 1225 810 prosper
1254 756 1313 795 rei
1348 754 1554 795 familiaris
1586 762 1718 796 status
1751 762 1793 796 et
1823 756 2047 810 propinqui
2077 754 2182 795 bene

599 812 911 867 convenientes,
971 815 1143 855 societas
1182 811 1330 862 civilis,
1392 826 1473 866 qua
1504 811 1667 852 sublata
1705 812 1818 853 nulla
1850 819 1958 854 esset
1996 812 2181 853 utilitatis

599 872 821 922 perceptio.
904 871 985 911 Sed
1018 878 1064 910 ut
1090 869 1260 910 felicitas
1291 869 1361 908 illa
1392 870 1569 920 oriatur,
1622 870 1772 910 virtute
1801 885 1906 925 opus
1938 876 2000 911 est
2016 868 2084 925 9),
2134 868 2179 923 1)

597 929 885 979 temperantia,
935 926 981 982 2)
1013 926 1277 977 fortitudine,
1326 924 1375 979 5)
1402 926 1586 982 justitia,
1621 942 1726 983 quae
1757 936 1917 968 constat
1948 929 1989 967 in
2020 926 2181 980 legibus

596 984 744 1023 divinis
773 993 813 1026 et
844 985 1029 1026 humanis
1060 985 1269 1025 servandis
1290 982 1372 1039 ¹⁰);
1430 984 1506 1025 hae
1543 991 1640 1025 sunt
1670 992 1755 1025 tres
1795 987 1964 1027 virtutes
1998 985 2179 1026 cardina-

597 1042 681 1093 les,
713 1057 889 1096 quarum
918 1058 1077 1084 summa
1109 1043 1340 1084 continetur
1370 1043 1589 1097 sapientia,
1622 1057 1702 1098 qua
1734 1044 1960 1085 instructus
1993 1050 2181 1084 accurate

598 1101 732 1152 novit,
782 1101 881 1158 quid
910 1102 1032 1154 utile,
1077 1101 1176 1157 quid
1205 1114 1310 1153 non,
1359 1108 1398 1140 ct
1424 1101 1524 1141 illud
1552 1102 1593 1141 in
1625 1101 1812 1142 omnibus
1844 1103 2052 1158 sequitur,
2102 1101 2180 1141 hoe

598 1160 713 1211 fugit.
806 1160 1006 1215 Suprema
1058 1166 1192 1199 autem
1240 1158 1307 1199 lex
1363 1159 1593 1199 officiorum
1641 1159 1751 1199 nulla
1796 1160 1874 1200 alia
1915 1168 1998 1212 est,
2060 1174 2181 1214 quam

601 1225 644 1255 ut
687 1231 849 1272 semper
898 1217 1084 1274 sequaris
1132 1217 1196 1268 id,
1259 1215 1373 1272 quod
1414 1217 1586 1258 maxime
1630 1217 1729 1257 utile
1768 1218 1858 1259 esse
1908 1218 2090 1258 videatur
2110 1216 2179 1271 ¹¹).

596 1280 652 1313 At
685 1276 818 1328 ipsum
858 1276 960 1315 illud
994 1276 1092 1315 utile
1132 1274 1285 1314 varium
1320 1281 1374 1317 etv
1399 1274 1617 1324 mutabile,
1682 1290 1810 1328 quare
1847 1276 1977 1330 majus
2011 1275 2179 1329 aliquod

593 1332 786 1370 auxilium
824 1330 1229 1385 circumspiciendum
1262 1337 1337 1369 est.
1429 1331 1519 1369 Hoc
1560 1329 1688 1370 habes
1720 1332 1761 1370 in
1802 1331 1866 1371 dei
1907 1330 2177 1386 providentia,

591 1388 643 1427 de
675 1402 758 1442 qua
787 1389 953 1440 insignis
992 1389 1111 1427 locus
1142 1393 1205 1426 est
1234 1387 1357 1426 Mem.
1388 1384 1433 1436 4,
1468 1385 1514 1437 5,
1548 1384 1639 1425 14:
1695 1389 1776 1433 χρὴ
1806 1389 1877 1424 οὐν
1906 1389 2023 1434 μηδὲν
2061 1390 2177 1425 ἐλλεί·

593 1455 719 1479 ποντα
743 1442 851 1478 κατὰ
867 1442 1035 1486 δύναμιν
1054 1443 1167 1485 τιμᾶν
1191 1440 1281 1477 τοὺς
1304 1438 1431 1482 θεοὺς,
1457 1438 1622 1484 &amicir
1648 1453 1688 1476 τε
1713 1440 1779 1475 καὶ
1805 1440 1972 1477 §aniam
1996 1439 2049 1475 τὰ
2073 1441 2174 1484 μέγι-

593 1498 669 1524 στα
690 1489 843 1536 ἀγαθά.
901 1490 960 1525 Οὐ
984 1489 1069 1535 γὰρ
1091 1489 1188 1532 παρ’
1211 1488 1345 1523 ἄλλων
1370 1488 1410 1531 γ’
1433 1486 1485 1522 ἄν
1508 1495 1564 1522 τις
1587 1488 1709 1530 μείζω
1734 1486 1906 1526 ἐλπίζων
1935 1488 2175 1536 σωφρονοίη,

592 1539 619 1581 ἦ
646 1537 762 1582 παρὰ
785 1539 865 1574 τῶν
891 1537 944 1574 τὰ
970 1538 1134 1583 μέγιστα
1162 1534 1331 1581 ὠφελεῖν
1363 1535 1613 1577 δυναμένων.
1665 1534 1751 1572 οὐδ’
1779 1534 1829 1570 ἂν
1859 1535 1993 1572 ἄλλως
2018 1538 2173 1580 μᾶλλον

591 1587 617 1629 ἢ
646 1586 678 1622 εἰ
709 1584 859 1622 τούτοις
884 1585 1062 1631 ἀρέσκοι·
1094 1584 1252 1629 ἀρέσκοι
1274 1583 1316 1619 δὲ
1341 1584 1425 1619 πῶς
1450 1583 1502 1618 ἂν
1523 1583 1695 1627 μᾶλλον,
1726 1582 1753 1629 ἢ
1777 1583 1809 1620 εἰ
1828 1582 1883 1620 ὡς
1905 1584 2078 1629 μάλιστα
2095 1584 2173 1621 πεί-

590 1641 695 1675 Son-o
724 1639 878 1681 αὐτοῖς,·
896 1662 944 1667 -—
983 1638 1097 1676 Deus
1127 1642 1263 1675 autem
1283 1634 1402 1674 docet
1434 1635 1560 1686 signis
1591 1642 1714 1690 atque
1744 1636 1945 1689 portentis
1958 1634 2027 1689 ¹²).
2087 1637 2175 1689 Ap-

590 1700 707 1749 paret
741 1694 884 1746 igitur,
947 1695 1067 1734 etiam
1097 1691 1191 1733 huic
1221 1690 1506 1749 philosophiae
1537 1692 1682 1733 morali
1714 1706 1912 1733 summam
1943 1692 2072 1765 lffem
2103 1708 2174 1733 vo·

592 1754 791 1806 luptatcin
822 1759 928 1793 tecte
959 1751 1142 1792 subesse.

710 1811 824 1859 Quae
866 1824 1004 1865 quum·
1033 1809 1089 1849 ita
1126 1809 1229 1858 sint,
1293 1806 1611 1861 Xenophontem
1649 1822 1920 1864 quaecunque
1951 1806 2003 1848 ad
2042 1807 2174 1858 beate,

591 1867 801 1908 commode
822 1879 868 1906 ac
892 1864 1075 1922 jucunde
1104 1865 1319 1905 vivendum
1350 1866 1485 1905 tacere
1508 1866 1780 1916 existimaret,
1812 1866 2028 1918 diligenter
2059 1880 2173 1905 exer-

590 1926 743 1975 cuisse,
806 1937 888 1964 nou
918 1921 1143 1963 miraberis.
1232 1921 1453 1962 studiosus
1503 1923 1628 1975 igitur
1667 1930 1754 1963 erat
1784 1923 1841 1963 rei
1883 1924 2171 1978 gymnasticae,

590 1981 818 2035 equestris,
879 1981 1113 2020 venatoriae
1153 1986 1276 2033 atqut¹
1319 1980 1548 2031 [amiliaris3
1610 1994 1742 2035 neque
1782 1980 1954 2020 deorum
1993 1980 2171 2033 neglexit

708 2182 817 2209 latious
850 2188 887 2208 on
914 2180 1052 2218 physica]
1078 2181 1137 2209 and
1171 2178 1390 2218 metaphysica!
1420 2180 1534 2209 science
1568 2190 1691 2208 =======
1693 2182 1814 2209 esen-ed
1850 2184 1898 2209 sor
1926 2182 2062 2210 auditors
2093 2182 2128 2209 os
2154 2193 2171 2208 a

707 2219 849 2259 different
871 2219 1095 2258 description.‘·

630 2277 666 2313 8)
707 2276 853 2307 mucul.
874 2276 895 2305 1.
918 2287 946 2315 p.
968 2275 999 2306 9.

628 2334 666 2370 9)
706 2333 813 2363 Diueu
831 2334 852 2364 1.
873 2334 894 2364 1.
917 2344 947 2373 p.
970 2333 1009 2362 13
1029 2343 1093 2373 sqq.

611 2391 667 2429 10)
708 2392 796 2422 Mem.
819 2390 860 2427 4,
881 2391 925 2426 4,
947 2391 995 2421 12.
1036 2389 1076 2421 τὸ
1096 2394 1231 2431 νόμιμον
1251 2389 1375 2423 δίκαιον
1396 2388 1483 2422 εἶναι,

608 2449 661 2484 ss)
702 2449 808 2478 Dissen
829 2449 848 2478 l.
872 2450 892 2479 l.
913 2460 942 2489 p.
971 2449 1021 2479 25.

611 2508 662 2542 ω)
703 2508 790 2536 Mem.
812 2506 852 2541 4,
880 2507 919 2543 5,
944 2508 993 2535 η.
1035 2508 1073 2543 4,
1095 2509 1131 2542 7,
1154 2508 1205 2537 ιο.
