2626 3230
965 271 1254 311 ..19-

327 386 408 437 1.),
456 387 496 425 id
529 387 640 440 quod
674 386 804 426 xivida
834 394 874 427 et
904 387 1170 425 minutissima
1202 399 1320 440 saepe
1349 388 1530 428 referens
1562 391 1738 428 narratio
1769 404 1892 444 spon-

323 442 614 484 deressvidetur
646 442 714 498 (cs.
744 445 847 483 infra
879 441 1054 499 ἓ.16.).
1133 443 1215 484 Sed
1246 445 1376 484 omnia
1404 453 1563 497 tamen,
1628 446 1754 486 veluti
1786 462 1892 502 quae

321 501 421 541 mari
450 499 718 553 gerebantur,
765 502 853 556 ipsc
879 501 1017 541 videre
1047 515 1151 541 non.
1191 506 1335 541 oterat.
1407 503 1470 543 De
1501 503 1642 543 multis
1671 504 1796 555 igitur
1827 518 1892 546 re·

324 555 404 598 bus
437 557 489 598 ab
520 558 608 598 aliis
637 559 783 600 certior
814 556 1132 612 fierivdebebat3
1227 571 1247 598 s
1280 564 1415 599 autem
1442 561 1669 616 praecipue.
1687 560 1892 603 Lacedae-

323 616 482 658 monios
514 630 737 672 eorumque
773 617 924 659 amicos.
959 615 1090 656 fuisse
1127 624 1443 658 cousentaneum
1472 624 1558 669 est,
1620 619 1808 673 quamvis
1837 619 1892 660 ab

325 668 413 714 aliis
453 688 622 729 quoque
651 674 849 730 quaedam
887 674 1111 728 comperire
1149 675 1335 729 potuisse
1364 673 1679 727 xnophontem
1709 690 1791 717 uon
1821 691 1892 719 ne·

324 732 512 782 gaverim.
591 732 671 774 Vel
693 734 755 773 sic
783 730 999 789 probabile
1023 738 1109 784 cst,
1157 731 1309 785 multa,
1357 731 1436 771 imo
1464 732 1599 771 omnia
1628 732 1736 784 sere,
1788 749 1894 789 quae

322 788 400 841 ipsi
431 789 703 841 referrentur,
761 789 848 845 jam
889 804 964 844 per
995 804 1040 831 se
1071 789 1275 845 Spartano
1308 789 1449 832 colore
1478 790 1605 830 tincta
1634 789 1785 842 fuisse,
1847 800 1893 833 ut

320 858 442 899 saepe
469 861 551 888 non
581 845 835 902 Xenophon,
881 847 953 888 scd
981 848 1060 902 ipsi
1088 847 1417 900 Lacedaemonii,
1468 853 1762 901 exaggerantes
1794 863 1891 903 pro-

321 916 463 956 spera,
525 904 683 957 ingrata
723 911 903 946 tacentes
932 906 998 946 vel
1034 906 1285 958 minuentes,
1345 909 1533 946 auctores
1572 904 1726 947 fuerint
1756 921 1892 948 rerum

320 974 404 1001 non
434 962 534 1001 satis
557 962 671 1016 juste
704 970 745 1002 et
772 970 882 1003 recte
913 970 1179 1003 narratarum.
1238 965 1362 1004 Hisce
1382 977 1459 1004 nos
1488 977 1574 1004 non
1601 963 1759 1004 amoliri
1788 965 1895 1006 velle

316 1032 339 1056 a
369 1017 646 1074 Xenophonte
675 1019 903 1060 Laconismi
933 1020 998 1061 vel
1026 1022 1069 1060 in
1104 1019 1273 1061 historia
1302 1035 1378 1060 sua
1414 1019 1576 1075 probati
1608 1021 1782 1072 crimen,
1844 1037 1895 1063 ex

315 1076 385 1127 iis,
426 1091 532 1132 quae
561 1091 687 1132 supra
718 1077 1034 1133 disputavimus,
1073 1084 1285 1132 patescat.-
1327 1079 1381 1117 Et
1407 1085 1501 1118 utut
1532 1084 1616 1130 est,
1659 1079 1815 1117 etiamsi
1845 1079 1893 1118 il-

313 1131 386 1172 lud
416 1136 618 1189 acceperis
647 1134 821 1191 ideoque
851 1133 1087 1190 Xenophon
1115 1135 1159 1174 in
1189 1134 1328 1177 multis
1361 1134 1436 1175 tibi
1465 1135 1698 1175 excusatior
1728 1136 1801 1186 sit,
1834 1143 1893 1175 ta·

315 1204 409 1230 men
439 1205 483 1231 ea
520 1199 700 1232 remanet
730 1193 876 1247 culpa,
939 1192 1053 1247 quod
1092 1206 1176 1232 non
1207 1192 1456 1247 Thucydidis
1479 1191 1514 1245 ¹)
1547 1192 1776 1245 exemplum
1807 1193 1890 1230 imi-

316 1252 427 1287 tatus
458 1250 592 1288 omnia
623 1249 868 1303 impendisse
906 1250 1088 1301 videtur,
1151 1255 1198 1289 ut
1224 1250 1433 1289 verissima
1470 1263 1658 1303 quaeque
1694 1250 1889 1302 comperi-

315 1311 391 1343 ret.
422 1327 481 1335 —-
550 1307 597 1345 In
627 1308 766 1360 primis
798 1307 913 1346 libris
946 1320 1038 1346 eum
1067 1306 1219 1346 relictis
1251 1320 1273 1344 a
1306 1305 1543 1362 Thucydide
1572 1305 1737 1359 scriptis
1770 1320 1891 1346 usum

314 1374 428 1413 esse,
484 1376 609 1417 supra
639 1358 821 1404 vidimus.
895 1363 1013 1403 Alius
1045 1379 1182 1405 rerum
1211 1365 1413 1416 scriptor,
1468 1377 1590 1416 quem
1622 1363 1665 1402 in
1697 1364 1893 1403 auxilium

313 1431 460 1457 vocare
489 1425 653 1471 posset,
700 1424 786 1455 erat
815 1418 1062 1469 Cratippus,
1112 1417 1184 1469 qui
1214 1416 1466 1472 Thucydidis
1498 1418 1678 1471 aequalis
1698 1416 1737 1472 ᾖ)
1768 1418 1892 1474 hujus

315 1488 421 1529 opus
452 1472 717 1527 continuabat
745 1473 797 1513 ad
827 1488 873 1513 ea
905 1487 1036 1527 usque
1073 1479 1279 1527 tempora,
1339 1473 1491 1527 quibus
1524 1474 1669 1514 Conon
1698 1477 1892 1529 profliga-

315 1539 379 1571 tas
408 1531 715 1572 Atheniensium
746 1544 845 1585 opes
877 1530 1133 1585 aliquatenus
1165 1531 1291 1571 erexit
1313 1528 1367 1585 5).
1458 1529 1538 1571 Sed
1569 1530 1620 1570 de
1652 1545 1700 1572 eo
1733 1547 1799 1572 res
1830 1535 1889 1573 in—

317 1595 440 1629 certa.
497 1590 547 1630 In
575 1589 738 1643 paucis,
770 1602 875 1646 quae
903 1588 954 1628 de
985 1586 1143 1628 Siciliae
1172 1586 1296 1628 rebus
1329 1595 1637 1638 commemorat,
1672 1591 1806 1630 neseio
1839 1605 1889 1629 an

313 1646 529 1688 Philistum
559 1644 811 1697 adhibuerit}
873 1644 961 1700 ejus
990 1643 1095 1685 enim
1128 1642 1323 1685 historiae
1353 1644 1513 1685 Siculae
1543 1645 1586 1684 iu
1616 1644 1718 1685 duas
1753 1654 1889 1700 partes

313 1704 463 1745 divisae
492 1709 633 1755 erant,
695 1701 813 1758 cujus
853 1701 980 1742 altera
1008 1707 1165 1756 septem
1203 1700 1316 1741 libris
1348 1701 1443 1756 plus
1483 1716 1604 1757 quam
1635 1704 1889 1756 octingentos

311 1774 439 1803 annos
480 1759 693 1814 complexa
734 1759 785 1799 ad
817 1758 1099 1813 Olympiadem
1126 1757 1200 1809 95,
1232 1757 1275 1798 5.
1309 1757 1446 1812 (406.)
1491 1765 1737 1814 captumque
1768 1763 1890 1812 Agri-

313 1824 480 1870 gentum
511 1817 580 1871 (de
609 1831 693 1871 quo
725 1818 829 1856 ch.
860 1815 1020 1855 Hellen.
1036 1813 1082 1864 2,·
1102 1812 1144 1864 2,
1166 1812 1281 1868 24),
1330 1815 1456 1853 altera
1486 1814 1580 1853 hine
1612 1830 1757 1854 exorsa
1789 1832 1887 1871 qua-

313 1882 411 1915 tuor
441 1873 555 1913 libris
585 1873 768 1928 Dionysii
801 1871 970 1912 senioris
1001 1885 1067 1910 res
1097 1884 1229 1926 usque
1258 1869 1429 1928 adnjus
1460 1877 1631 1912 mortem
1665 1870 1749 1926 (01.
1781 1871 1885 1926 105,

311 1931 370 1985 Ξ.)
386 1929 427 1986 4)
459 1938 672 1986 persecuta
703 1938 789 1970 erat
810 1927 873 1984 5),
902 1930 958 1969 ita
987 1929 1149 1983 quidem
1179 1935 1221 1968 et
1249 1927 1353 1968 hmo
1380 1934 1539 1981 partem
1573 1936 1715 1969 nosset
1747 1931 1885 1971 Xeno-

310 1988 445 2043 phon,
503 2002 594 2027 cum
622 1986 666 2040 2,
695 1985 741 2039 5,
771 1985 812 2028 5,
854 1985 932 2026 sub
963 1985 1126 2042 Olymp.
1157 1982 1232 2037 94,
1264 1982 1303 2025 1.
1335 1983 1458 2039 (404.
1510 1983 1667 2026 Siciliae
1702 2001 1768 2027 res
1805 2003 1885 2029 me-

311 2054 461 2095 morem
493 2046 607 2100 atqui
637 2044 742 2085 edita
772 2044 842 2084 illa
871 2049 979 2085 certe
1009 2049 1096 2084 erat
1124 2051 1222 2098 post
1248 2057 1283 2083 a.
1311 2041 1412 2083 567.
1466 2042 1530 2082 01.
1565 2041 1667 2095 iffi,
1698 2042 1780 2099 2.),
1814 2061 1885 2086 un—

311 2105 361 2143 ‹le
393 2102 606 2158 probabile
640 2103 769 2155 toret,
819 2100 1131 2156 Xenophontem
1155 2100 1243 2157 jam
1272 2101 1446 2155 scriptae
1477 2099 1668 2141 historiae
1698 2115 1797 2143 suae
1826 2104 1884 2143 in-

312 2163 509 2212 seruisse,
549 2175 653 2216 quae
682 2160 733 2201 de
763 2160 896 2201 Sicilia
925 2158 1060 2200 habet.
1120 2159 1231 2199 Haec
1262 2166 1397 2199 autem
1427 2159 1589 2200 omnino
1619 2173 1719 2212 prae
1753 2174 1796 2201 se
1826 2160 1883 2201 fe-

352 2315 382 2349 1)
423 2313 470 2342 cr.
492 2312 577 2348 hujus
597 2312 690 2340 verb.
711 2311 741 2344 ⁷,
764 2310 821 2338 44.
843 2312 909 2338 init.
953 2309 1122 2338 nuceum.
1142 2310 1194 2338 vit.
1214 2309 1310 2338 Thac.
1331 2309 1356 2346 g.
1379 2308 1425 2338 so
1444 2319 1488 2346 sq.
1512 2297 1515 2299 “

351 2371 383 2405 ⁶2)
404 2378 407 2379 ⁷
426 2371 512 2399 Dion.
534 2368 603 2398 Hal.
624 2369 661 2397 de
681 2368 774 2397 Thuc.
793 2367 857 2406 jud.
879 2377 903 2398 c.
927 2365 977 2396 16.

353 2428 391 2464 5)
433 2428 479 2456 (ΞΥ.
506 2427 643 2465 Rrueger
662 2428 692 2454 in
712 2427 799 2454 Dion.
820 2425 1001 2465 Historiogr.
1022 2435 1051 2463 p.
1075 2423 1146 2454 ¹02.
1169 2423 1246 2453 261.
1267 2427 1296 2453 et
1316 2425 1356 2452 ad
1377 2424 1505 2453 Clinton.
1527 2424 1608 2453 fast.
1632 2426 1708 2453 nell.
1733 2436 1760 2463 p.
1784 2425 1858 2455 575.

349 2485 387 2520 4)
430 2485 559 2513 Clinton.
583 2485 604 2512 l.
625 2484 646 2512 l.
668 2484 723 2513 suh
748 2484 805 2513 hoc
831 2493 915 2512 anno.

350 2542 383 2577 5)
429 2543 531 2579 llcyne
551 2543 588 2570 dc
610 2542 742 2571 sontibus
764 2543 831 2571 hist.
857 2542 944 2569 Diod.
971 2552 999 2579 p.
1024 2540 1186 2569 Lxxxvl.
1209 2541 1237 2567 iu
1261 2542 1305 2567 ed.
1328 2541 1395 2578 Bip.

1357 2597 1403 2638 5·
