2626 3230
1086 275 1377 318 ...fl-

443 395 554 435 silia«
592 393 632 434 id
660 400 770 434 recte
808 393 961 434 factum
1000 405 1091 432 esse
1120 390 1320 446 arbitror3
1374 393 1515 434 etenim
1551 394 1646 451 jure
1678 393 1844 436 Clinton
1868 392 1938 449 (F.
1970 397 2024 439 Π.

442 452 494 494 ad
524 468 560 494 a.
591 450 710 504 589.)
759 452 888 507 ipsam
925 450 1160 491 Schneidcri
1206 450 1281 492 hac
1329 450 1372 490 in
1419 467 1464 492 re
1511 454 1763 509 iniquitatem
1810 456 2023 509 reprobat,

442 512 515 567 qui
554 511 672 567 justo
711 510 806 564 plus
844 508 1035 550 tribuerit
1074 509 1293 550 adversarii
1334 511 1508 549 oratoris
1541 512 1719 567 (Lysiae)
1755 515 2022 554 accusationi·

438 568 534 610 bus.
620 568 832 623 Iphicratis
873 568 993 608 etiam
1023 580 1089 607 res
1129 574 1265 619 gestas
1296 567 1479 607 studiose
1511 577 1669 621 narrat3
1730 572 1896 611 omnino
1930 587 2023 612 eum

440 624 689 681 suspiciebat
734 625 800 679 (6,
831 623 883 678 2,
916 621 975 664 15
1003 639 1065 680 sq.
1113 624 1186 665 sed
1214 623 1267 678 6,
1299 622 1349 677 5,
1380 622 1493 677 51.),
1552 628 1668 667 sicuti
1713 627 2023 685 Thrasybulum

439 699 612 753 quoque
642 683 703 736 (4,
735 682 778 735 8,
809 682 914 733 51.).
972 682 1037 723 Ex
1068 681 1178 722 hisce
1208 683 1370 737 quidem
1398 683 1551 737 prodit,
1576 698 1689 735 cum,
1722 687 1890 726 simulac
1919 687 2021 727 libe·

438 750 526 785 τισι·
556 747 666 781 esset
692 755 716 780 a
737 741 932 796 proxima
964 754 1055 781 cum
1073 740 1264 792 Agesilao
1292 747 1333 780 et
1352 740 1680 781 Lacedaemoniis
1710 744 2020 795 necessitudine,

437 799 636 840 veriorem
676 806 718 838 et
754 799 1045 838 accuratiorem
1082 798 1209 837 tuisse
1249 812 1385 838 rerum
1419 799 1674 853 scriptorem.
1765 800 1883 840 Tunc
1915 802 2022 841 enim

434 871 520 897 non
547 861 632 896 tam
662 854 782 896 facile
810 857 870 895 ira
900 862 941 896 et
970 854 1107 895 studio
1131 855 1445 910 impediebatur,
1496 858 1713 912 quominus
1743 859 1893 898 rectius
1924 873 2019 912 per-

436 915 611 970 spiceret
638 927 705 954 res
735 918 860 968 atque
889 918 1107 955 enarraret.

550 971 699 1010 Pacem
726 971 1032 1018 Antalcidicam,
1064 985 1146 1026 qua
1175 970 1394 1012 finiebatur
1424 971 1581 1012 bellum
1611 972 1892 1025 Corinthium,
1925 972 2020 1013 bre·

436 1029 542 1071 vitm·
572 1027 759 1083 quidem,
822 1029 896 1069 scd
933 1030 989 1069 ita
1019 1035 1153 1068 tamen
1194 1029 1341 1080 refert,
1404 1036 1451 1069 ut
1488 1031 1632 1084 quanti
1672 1031 1865 1071 momenti
1896 1038 2017 1081 esset,

435 1086 542 1128 bene
570 1086 825 1127 intellexisse
855 1086 1041 1128 videatur
1071 1086 1140 1135 (cs.
1171 1084 1215 1138 5,
1249 1084 1290 1137 1,
1321 1085 1425 1136 56.).
1493 1090 1552 1126 At
1582 1089 1727 1128 mirum
1760 1095 1841 1140 est,
1904 1088 2017 1143 quod

435 1144 527 1184 illas
556 1143 809 1185 conditiones
838 1157 862 1184 a
889 1144 1111 1185 Persarum
1142 1158 1237 1196 rege
1268 1145 1459 1184 Graeciae
1498 1145 1710 1200 impositas
1743 1161 1833 1186 esse
1863 1160 2016 1200 nequa-

437 1216 560 1256 quam
592 1216 710 1253 aegre
736 1202 843 1253 fert,
883 1216 1009 1256 quum
1039 1201 1220 1255 alioquin
1251 1215 1373 1254 saepe
1404 1202 1578 1241 animum
1609 1202 1792 1242 barbaris
1822 1204 2018 1242 infestum

435 1259 506 1310 (ct.
537 1273 664 1313 supra
693 1257 733 1314 §—
752 1256 793 1300 2.
823 1257 881 1310 9.)
914 1259 1173 1313 Graecaeque
1203 1259 1409 1313 dignitatis
1441 1261 1688 1300 conscicntia
1717 1261 1885 1313 plenum
1917 1273 2015 1313 pro-

434 1316 504 1356 bet
538 1315 610 1371 (cf.
642 1314 682 1367 1,
713 1314 757 1368 6,
790 1314 850 1355 10
881 1314 1006 1372 sqq.).
1096 1315 1205 1355 Nihil
1235 1321 1333 1355 vero
1366 1322 1528 1370 praeter
1557 1317 1782 1372 Spartanos
1816 1330 1915 1356 suos
1945 1330 2017 1355 cu·

432 1388 553 1422 ranS,
603 1373 779 1413 laetatur
808 1380 990 1422 tantum,
1046 1373 1159 1424 quod
1191 1373 1320 1425 mjor
1350 1374 1443 1410 inde
1474 1375 1717 1423 auctoritas,
1773 1376 1854 1413 imo
1886 1373 2018 1424 gloria

434 1430 475 1467 in
505 1429 599 1467 illos
630 1426 842 1466 redundet.
900 1426 1070 1465 Rectius
1103 1433 1143 1465 ct
1174 1427 1334 1475 dig-nius
1364 1425 1472 1464 haud
1500 1427 1626 1466 dubie
1648 1428 1847 1480 judicium
1877 1435 2016 1482 poste·

434 1499 503 1525 rae
534 1484 676 1524 aetatis
708 1484 886 1522 Graecus
918 1481 1012 1521 tulit
1044 1480 1173 1536 (Plut.
1203 1483 1328 1533 Ages.
1359 1479 1470 1535 23.:)
1524 1484 1592 1519 καὶ
1618 1485 1827 1527 πέμπουσιν
1852 1486 2015 1521 Ἀνταλ-

434 1539 553 1576 κίδαν
578 1537 675 1583 πρὸς
706 1536 951 1584 Τηρίβᾳᾶον,
1004 1535 1277 1580 αἴσχιστακαὶ
1305 1536 1633 1580 παρανομώτατα
1659 1536 1751 1574 τοὺς
1774 1536 1845 1580 τὴν
1876 1538 2017 1572 Ἀσίαν

436 1587 715 1623 κατοικοῦντας
739 1583 952 1630 Ἓλληνας,
998 1583 1101 1628 ὑπὲρ
1129 1580 1188 1619 ὧν
1212 1583 1442 1629 ἐπολέμησεν
1465 1584 1723 1633 Ἀγησίλαος,
1769 1585 1918 1629 βασιλεῖ
1943 1598 2016 1620 na-

435 1638 672 1685 ραδιδόντες.
736 1633 974 1690 Xenophon
1002 1648 1051 1676 eo
1081 1634 1203 1675 modo
1231 1634 1380 1676 iterum
1409 1635 1516 1675 caeci
1540 1635 1769 1675 Laconismi
1797 1635 2016 1676 documen-

434 1701 522 1734 tum
548 1692 673 1734 edidit
701 1694 937 1747 egregium3
980 1691 1140 1732 videtur
1170 1693 1289 1732 etiam
1318 1691 1398 1734 hoc
1427 1692 1521 1733 loco
1552 1707 1675 1748 quam
1705 1693 1878 1734 maxime
1907 1695 2015 1747 Age-

436 1751 581 1791 silaum
607 1751 801 1792 lectorem
830 1751 1059 1806 respexisse
1089 1756 1130 1792 et
1162 1750 1312 1790 veritus
1342 1763 1446 1791 esse.

1150 1884 1191 1941 g.
1229 1882 1296 1924 is

1088 1979 1362 2009 continuatio.

549 2077 632 2120 Ubi
661 2077 892 2119 Mantineae
922 2077 1047 2119 istum
1078 2079 1286 2122 διοικισμόν
1316 2081 1475 2128 narrat,
1534 2089 1617 2115 non
1646 2076 1744 2115 satis
1778 2075 2011 2130 praedicare

435 2141 575 2192 potest
626 2136 943 2176 Mantinensium
998 2135 1259 2186 felicitatem,
1319 2140 1432 2174 tanto
1483 2131 1677 2172 henefic10
1723 2139 2012 2172 mactatorum:

437 2208 547 2234 nunc
576 2194 702 2246 enim,
763 2203 891 2249 quum
922 2206 999 2248 per
1027 2192 1137 2232 vicos
1170 2190 1343 2246 dispersi
1373 2196 1533 2241 essent,
1594 2189 1870 2244 opulentiores
1903 2191 2012 2242 agris

438 2253 524 2292 suis
552 2252 724 2308 propius
752 2249 955 2303 habitare,
991 2248 1173 2291 molestis
1206 2249 1436 2302 demagogis
1467 2247 1680 2300 liberat0s3
1741 2255 1780 2288 et
1812 2247 2013 2288 Lacedae-

436 2311 597 2351 monios
629 2323 712 2350 non
748 2323 875 2349 unum
903 2307 1124 2360 omnibus,
1184 2307 1257 2348 sed
1296 2307 1463 2360 singulis
1501 2304 1736 2361 quibusque
1775 2306 1872 2345 vicis
1914 2320 2012 2360 pro-

439 2369 575 2422 prium
601 2366 748 2408 ducem
779 2364 1031 2407 submittere.
1096 2366 1243 2406 Nonne
1271 2366 1439 2405 ironiam
1469 2363 1572 2404 hanc
1601 2364 1762 2418 potius»,
1804 2378 1924 2417 quam
1951 2363 2012 2417 je-

436 2426 582 2481 junam
622 2430 664 2466 et
694 2426 889 2465 sinceram
918 2423 1102 2466 historici
1138 2425 1377 2463 sententiam
1407 2437 1497 2463 esse
1526 2421 1740 2461 crederes?
1826 2421 2013 2460 Admira-

440 2497 533 2524 mur
563 2488 672 2524 certe
702 2483 777 2523 viri
808 2482 1125 2537 simplicitatem,
1162 2480 1410 2521 detestamur
1439 2486 1479 2520 et
1502 2480 1545 2518 in
1572 2479 1635 2518 his
1667 2481 1854 2518 insanum
1885 2479 2013 2518 Laco·

441 2542 640 2592 nismum,
676 2540 785 2581 omni
818 2553 909 2580 eum
940 2539 1121 2580 acumine
1150 2545 1191 2580 et
1213 2538 1365 2595 judicio
1395 2537 1691 2578 destituentem.

1519 2612 1549 2654 6
