<?xml version="1.0" encoding="UTF-8"?>
<!DOCTYPE html PUBLIC "-//W3C//DTD XHTML 1.0 Transitional//EN"
    "http://www.w3.org/TR/xhtml1/DTD/xhtml1-transitional.dtd">
<html xmlns="http://www.w3.org/1999/xhtml" xml:lang="en" lang="en">
 <head>
  <title>
</title>
<meta http-equiv="Content-Type" content="text/html;charset=utf-8" />
  <meta name='ocr-system' content='tesseract 3.04.00' />
  <meta name='ocr-capabilities' content='ocr_page ocr_carea ocr_par ocr_line ocrx_word'/>
</head>
<body>
  <div class='ocr_page' id='page_1' title='image "4763751_0056.png"; bbox 0 0 2626 3230; ppageno 0'>
   <div class='ocr_carea' id='block_1_1' title="bbox 1259 241 1553 284">
    <p class='ocr_par' dir='ltr' id='par_1_1' title="bbox 1259 241 1553 284">
     <span class='ocr_line' id='line_1_1' title="bbox 1259 241 1553 284; baseline -0.007 -9"><span class='ocrx_word' id='word_1_1' title='bbox 1259 241 1553 284; x_wconf 70' lang='lat'><strong>—42—</strong></span> 
     </span>
    </p>
   </div>
   <div class='ocr_carea' id='block_1_2' title="bbox 594 356 2220 2077">
    <p class='ocr_par' dir='ltr' id='par_1_2' title="bbox 594 356 2220 1738">
     <span class='ocr_line' id='line_1_2' title="bbox 739 356 2202 416; baseline 0.002 -17"><span class='ocrx_word' id='word_1_2' title='bbox 739 360 822 401; x_wconf 86' lang='lat' dir='ltr'><strong>Sed</strong></span> <span class='ocrx_word' id='word_1_3' title='bbox 854 360 1059 400; x_wconf 85' lang='lat' dir='ltr'><strong>sufficiant</strong></span> <span class='ocrx_word' id='word_1_4' title='bbox 1090 360 1188 400; x_wconf 87' lang='lat' dir='ltr'><strong>haec</strong></span> <span class='ocrx_word' id='word_1_5' title='bbox 1208 358 1258 416; x_wconf 76' lang='grc' dir='ltr'><strong>ι).</strong></span> <span class='ocrx_word' id='word_1_6' title='bbox 1338 360 1400 400; x_wconf 89' lang='lat' dir='ltr'><strong>De</strong></span> <span class='ocrx_word' id='word_1_7' title='bbox 1429 359 1553 400; x_wconf 85' lang='lat' dir='ltr'><strong>rebus</strong></span> <span class='ocrx_word' id='word_1_8' title='bbox 1585 356 1793 399; x_wconf 77' lang='lat' dir='ltr'><strong>Thebanis</strong></span> <span class='ocrx_word' id='word_1_9' title='bbox 1823 358 1922 415; x_wconf 92' lang='lat' dir='ltr'><strong>quid</strong></span> <span class='ocrx_word' id='word_1_10' title='bbox 1954 360 2129 400; x_wconf 84' lang='lat' dir='ltr'><strong>senserit</strong></span> <span class='ocrx_word' id='word_1_11' title='bbox 2160 368 2202 402; x_wconf 84' lang='lat' dir='ltr'><strong>et</strong></span> 
     </span>
     <span class='ocr_line' id='line_1_3' title="bbox 623 413 2220 472; baseline 0.001 -15"><span class='ocrx_word' id='word_1_12' title='bbox 623 425 877 472; x_wconf 83' lang='lat' dir='ltr'><strong>quantopere</strong></span> <span class='ocrx_word' id='word_1_13' title='bbox 909 431 976 456; x_wconf 88' lang='lat' dir='ltr'><strong>eas</strong></span> <span class='ocrx_word' id='word_1_14' title='bbox 1009 419 1261 471; x_wconf 85' lang='lat' dir='ltr'><strong>corruperit,</strong></span> <span class='ocrx_word' id='word_1_15' title='bbox 1302 418 1345 456; x_wconf 89' lang='lat' dir='ltr'><strong>in</strong></span> <span class='ocrx_word' id='word_1_16' title='bbox 1378 418 1528 469; x_wconf 84' lang='lat' dir='ltr'><strong>vulgus</strong></span> <span class='ocrx_word' id='word_1_17' title='bbox 1559 423 1730 457; x_wconf 87' lang='lat' dir='ltr'><strong>constat.</strong></span> <span class='ocrx_word' id='word_1_18' title='bbox 1800 416 2036 471; x_wconf 84' lang='lat' dir='ltr'><strong>Xenophon</strong></span> <span class='ocrx_word' id='word_1_19' title='bbox 2066 413 2220 458; x_wconf 71' lang='lat' dir='ltr'><strong>eadem&#39;</strong></span> 
     </span>
     <span class='ocr_line' id='line_1_4' title="bbox 622 473 2208 529; baseline 0.001 -15"><span class='ocrx_word' id='word_1_20' title='bbox 622 489 715 514; x_wconf 88' lang='lat' dir='ltr'><strong>cum</strong></span> <span class='ocrx_word' id='word_1_21' title='bbox 744 474 937 527; x_wconf 80' lang='lat' dir='ltr'><strong>Agesilao</strong></span> <span class='ocrx_word' id='word_1_22' title='bbox 972 474 1135 527; x_wconf 81' lang='lat' dir='ltr'><strong>dilexit,</strong></span> <span class='ocrx_word' id='word_1_23' title='bbox 1188 475 1328 516; x_wconf 78' lang='lat' dir='ltr'><strong>eadem</strong></span> <span class='ocrx_word' id='word_1_24' title='bbox 1358 475 1511 517; x_wconf 79' lang='lat' dir='ltr'><strong>oderat.</strong></span> <span class='ocrx_word' id='word_1_25' title='bbox 1581 473 1688 526; x_wconf 81' lang='lat' dir='ltr'><strong>Quid</strong></span> <span class='ocrx_word' id='word_1_26' title='bbox 1719 476 1842 528; x_wconf 81' lang='lat' dir='ltr'><strong>igitur</strong></span> <span class='ocrx_word' id='word_1_27' title='bbox 1862 474 2041 526; x_wconf 72' lang='lat' dir='ltr'><strong>mirum,</strong></span> <span class='ocrx_word' id='word_1_28' title='bbox 2092 473 2208 529; x_wconf 82' lang='lat' dir='ltr'><strong>quod</strong></span> 
     </span>
     <span class='ocr_line' id='line_1_5' title="bbox 623 531 2208 589; baseline 0.001 -18"><span class='ocrx_word' id='word_1_29' title='bbox 623 532 832 572; x_wconf 77' lang='lat' dir='ltr'><strong>Thebanis</strong></span> <span class='ocrx_word' id='word_1_30' title='bbox 864 532 1162 573; x_wconf 86' lang='lat' dir='ltr'><strong>inimicissimus</strong></span> <span class='ocrx_word' id='word_1_31' title='bbox 1194 541 1324 586; x_wconf 89' lang='lat' dir='ltr'><strong>esset,</strong></span> <span class='ocrx_word' id='word_1_32' title='bbox 1369 535 1440 589; x_wconf 90' lang='lat' dir='ltr'><strong>qui</strong></span> <span class='ocrx_word' id='word_1_33' title='bbox 1467 533 1704 586; x_wconf 69' lang='lat' dir='ltr'><strong>Agesilaum</strong></span> <span class='ocrx_word' id='word_1_34' title='bbox 1734 532 1885 573; x_wconf 79' lang='lat' dir='ltr'><strong>Aulide</strong></span> <span class='ocrx_word' id='word_1_35' title='bbox 1913 531 2208 574; x_wconf 73' lang='lat' dir='ltr'><strong>sacrificantem</strong></span> 
     </span>
     <span class='ocr_line' id='line_1_6' title="bbox 594 589 2208 649; baseline 0 -19"><span class='ocrx_word' id='word_1_36' title='bbox 594 620 597 623; x_wconf 59' lang='grc'><strong><em>«</em></strong></span> <span class='ocrx_word' id='word_1_37' title='bbox 621 589 961 646; x_wconf 86' lang='lat' dir='ltr'><strong>propulsassent,</strong></span> <span class='ocrx_word' id='word_1_38' title='bbox 1025 592 1077 632; x_wconf 92' lang='lat' dir='ltr'><strong>ad</strong></span> <span class='ocrx_word' id='word_1_39' title='bbox 1108 606 1264 632; x_wconf 90' lang='lat' dir='ltr'><strong>summa</strong></span> <span class='ocrx_word' id='word_1_40' title='bbox 1296 605 1481 649; x_wconf 86' lang='lat' dir='ltr'><strong>quaeque</strong></span> <span class='ocrx_word' id='word_1_41' title='bbox 1512 590 1554 631; x_wconf 89' lang='lat' dir='ltr'><strong>iu</strong></span> <span class='ocrx_word' id='word_1_42' title='bbox 1584 592 1683 633; x_wconf 84' lang='lat' dir='ltr'><strong>Asia</strong></span> <span class='ocrx_word' id='word_1_43' title='bbox 1713 591 1995 647; x_wconf 86' lang='lat' dir='ltr'><strong>adspirantem</strong></span> <span class='ocrx_word' id='word_1_44' title='bbox 2014 589 2208 645; x_wconf 50' lang='lat' dir='ltr'><strong>attanis-</strong></span> 
     </span>
     <span class='ocr_line' id='line_1_7' title="bbox 622 648 2209 707; baseline 0.003 -19"><span class='ocrx_word' id='word_1_45' title='bbox 622 655 714 690; x_wconf 91' lang='lat' dir='ltr'><strong>sent</strong></span> <span class='ocrx_word' id='word_1_46' title='bbox 744 651 938 707; x_wconf 88' lang='lat' dir='ltr'><strong>omnique</strong></span> <span class='ocrx_word' id='word_1_47' title='bbox 973 649 1163 691; x_wconf 90' lang='lat' dir='ltr'><strong>laborum</strong></span> <span class='ocrx_word' id='word_1_48' title='bbox 1187 651 1320 706; x_wconf 89' lang='lat' dir='ltr'><strong>pretio</strong></span> <span class='ocrx_word' id='word_1_49' title='bbox 1347 649 1604 705; x_wconf 76' lang='lat' dir='ltr'><strong>privassent?</strong></span> <span class='ocrx_word' id='word_1_50' title='bbox 1684 650 1925 706; x_wconf 87' lang='lat' dir='ltr'><strong>Pelopidam</strong></span> <span class='ocrx_word' id='word_1_51' title='bbox 1956 648 2209 701; x_wconf 53' lang='lat' dir='ltr'><strong>liberatis*</strong></span> 
     </span>
     <span class='ocr_line' id='line_1_8' title="bbox 623 702 2209 765; baseline 0.002 -20"><span class='ocrx_word' id='word_1_52' title='bbox 623 706 862 749; x_wconf 86' lang='lat' dir='ltr'><strong>Thebarum</strong></span> <span class='ocrx_word' id='word_1_53' title='bbox 893 716 1100 749; x_wconf 84' lang='lat' dir='ltr'><strong>auctorem</strong></span> <span class='ocrx_word' id='word_1_54' title='bbox 1128 710 1254 748; x_wconf 84' lang='lat' dir='ltr'><strong>fuisse</strong></span> <span class='ocrx_word' id='word_1_55' title='bbox 1288 708 1392 748; x_wconf 88' lang='lat' dir='ltr'><strong>celat</strong></span> <span class='ocrx_word' id='word_1_56' title='bbox 1424 703 1485 763; x_wconf 72' lang='grc'>(5,</span> <span class='ocrx_word' id='word_1_57' title='bbox 1515 708 1559 760; x_wconf 74' lang='lat'>4,</span> <span class='ocrx_word' id='word_1_58' title='bbox 1581 707 1609 748; x_wconf 76' lang='lat'><strong>2</strong></span> <span class='ocrx_word' id='word_1_59' title='bbox 1628 711 1767 765; x_wconf 73' lang='lat' dir='ltr'><strong>sqq),</strong></span> <span class='ocrx_word' id='word_1_60' title='bbox 1800 708 1918 764; x_wconf 89' lang='lat' dir='ltr'><strong>cujus</strong></span> <span class='ocrx_word' id='word_1_61' title='bbox 1950 714 2072 763; x_wconf 86' lang='lat' dir='ltr'><strong>atque</strong></span> <span class='ocrx_word' id='word_1_62' title='bbox 2101 702 2209 762; x_wconf 58' lang='grc' dir='ltr'><strong>Ερι·</strong></span> 
     </span>
     <span class='ocr_line' id='line_1_9' title="bbox 621 765 2208 820; baseline 0 -17"><span class='ocrx_word' id='word_1_63' title='bbox 621 766 836 805; x_wconf 87' lang='lat' dir='ltr'><strong>minondae</strong></span> <span class='ocrx_word' id='word_1_64' title='bbox 876 782 1009 805; x_wconf 84' lang='lat' dir='ltr'><strong>raram</strong></span> <span class='ocrx_word' id='word_1_65' title='bbox 1050 768 1212 806; x_wconf 92' lang='lat' dir='ltr'><strong>omnino</strong></span> <span class='ocrx_word' id='word_1_66' title='bbox 1252 767 1498 805; x_wconf 89' lang='lat' dir='ltr'><strong>mentionem</strong></span> <span class='ocrx_word' id='word_1_67' title='bbox 1535 766 1683 820; x_wconf 88' lang='lat' dir='ltr'><strong>injicit,</strong></span> <span class='ocrx_word' id='word_1_68' title='bbox 1738 767 1805 806; x_wconf 87' lang='lat' dir='ltr'><strong>vel</strong></span> <span class='ocrx_word' id='word_1_69' title='bbox 1835 765 1997 806; x_wconf 59' lang='lat' dir='ltr'><strong>ihiubi</strong></span> <span class='ocrx_word' id='word_1_70' title='bbox 2034 774 2208 820; x_wconf 56' lang='lat' dir='ltr'><strong>prnsus</strong></span> 
     </span>
     <span class='ocr_line' id='line_1_10' title="bbox 622 817 2209 879; baseline 0.001 -19"><span class='ocrx_word' id='word_1_71' title='bbox 622 823 851 864; x_wconf 75' lang='lat' dir='ltr'><strong>necessaria</strong></span> <span class='ocrx_word' id='word_1_72' title='bbox 878 822 1036 875; x_wconf 76' lang='lat' dir='ltr'><strong>fuerat,</strong></span> <span class='ocrx_word' id='word_1_73' title='bbox 1081 824 1189 864; x_wconf 91' lang='lat' dir='ltr'><strong>sicut</strong></span> <span class='ocrx_word' id='word_1_74' title='bbox 1215 821 1259 875; x_wconf 92' lang='grc'>6,</span> <span class='ocrx_word' id='word_1_75' title='bbox 1292 821 1336 875; x_wconf 75' lang='grc'>4,</span> <span class='ocrx_word' id='word_1_76' title='bbox 1367 821 1408 864; x_wconf 92' lang='grc'><strong>6.</strong></span> <span class='ocrx_word' id='word_1_77' title='bbox 1453 821 1499 875; x_wconf 87' lang='grc'>6,</span> <span class='ocrx_word' id='word_1_78' title='bbox 1531 821 1576 877; x_wconf 83' lang='grc'>5,</span> <span class='ocrx_word' id='word_1_79' title='bbox 1610 821 1677 865; x_wconf 83' lang='grc'><strong>19.</strong></span> <span class='ocrx_word' id='word_1_80' title='bbox 1715 822 1759 877; x_wconf 87' lang='grc'><strong>6,</strong></span> <span class='ocrx_word' id='word_1_81' title='bbox 1786 821 1830 876; x_wconf 82' lang='grc'>5,</span> <span class='ocrx_word' id='word_1_82' title='bbox 1861 817 1922 864; x_wconf 51' lang='grc' dir='ltr'>ἦ</span> <span class='ocrx_word' id='word_1_83' title='bbox 1953 837 2048 879; x_wconf 90' lang='lat' dir='ltr'><strong>sqq.</strong></span> <span class='ocrx_word' id='word_1_84' title='bbox 2080 817 2209 874; x_wconf 58' lang='lat'>7311,</span> 
     </span>
     <span class='ocr_line' id='line_1_11' title="bbox 625 877 2211 936; baseline 0.001 -18"><span class='ocrx_word' id='word_1_85' title='bbox 625 877 680 918; x_wconf 65' lang='lat'><strong>⁴15</strong></span> <span class='ocrx_word' id='word_1_86' title='bbox 710 895 805 935; x_wconf 86' lang='lat' dir='ltr'><strong>sqq.</strong></span> <span class='ocrx_word' id='word_1_87' title='bbox 896 882 1025 920; x_wconf 84' lang='lat' dir='ltr'><strong>Erant</strong></span> <span class='ocrx_word' id='word_1_88' title='bbox 1065 883 1169 920; x_wconf 91' lang='lat' dir='ltr'><strong>enim</strong></span> <span class='ocrx_word' id='word_1_89' title='bbox 1201 881 1408 933; x_wconf 87' lang='lat' dir='ltr'><strong>Thebani,</strong></span> <span class='ocrx_word' id='word_1_90' title='bbox 1471 884 1703 929; x_wconf 75' lang='grc' dir='ltr'><em>δημαγωγοὶ</em></span> <span class='ocrx_word' id='word_1_91' title='bbox 1735 889 1776 921; x_wconf 92' lang='lat' dir='ltr'><strong>et</strong></span> <span class='ocrx_word' id='word_1_92' title='bbox 1806 882 2104 936; x_wconf 85' lang='lat' dir='ltr'><strong>Spartanorum</strong></span> <span class='ocrx_word' id='word_1_93' title='bbox 2136 891 2211 919; x_wconf 86' lang='lat' dir='ltr'><strong>nec</strong></span> 
     </span>
     <span class='ocr_line' id='line_1_12' title="bbox 624 935 2210 1034; baseline 0.002 -59"><span class='ocrx_word' id='word_1_94' title='bbox 624 950 709 977; x_wconf 90' lang='lat' dir='ltr'><strong>non</strong></span> <span class='ocrx_word' id='word_1_95' title='bbox 737 937 920 991; x_wconf 80' lang='lat' dir='ltr'><strong>Agesilai</strong></span> <span class='ocrx_word' id='word_1_96' title='bbox 948 937 1090 979; x_wconf 84' lang='lat' dir='ltr'><strong>hostes</strong></span> <span class='ocrx_word' id='word_1_97' title='bbox 1122 939 1315 979; x_wconf 82' lang='lat' dir='ltr'><strong>acerrimi.</strong></span> <span class='ocrx_word' id='word_1_98' title='bbox 1398 937 1555 989; x_wconf 82' lang='lat' dir='ltr'><strong>Quodsi</strong></span> <span class='ocrx_word' id='word_1_99' title='bbox 1587 946 1767 980; x_wconf 84' lang='lat' dir='ltr'><strong>extremo</strong></span> <span class='ocrx_word' id='word_1_100' title='bbox 1800 940 1936 994; x_wconf 89' lang='lat' dir='ltr'><strong>operis</strong></span> <span class='ocrx_word' id='word_1_101' title='bbox 1970 935 2210 1034; x_wconf 42' lang='lat' dir='ltr'><strong>capite&amp;-</strong></span> 
     </span>
     <span class='ocr_line' id='line_1_13' title="bbox 624 994 2210 1051; baseline 0.001 -19"><span class='ocrx_word' id='word_1_102' title='bbox 624 994 676 1033; x_wconf 89' lang='lat' dir='ltr'><strong>de</strong></span> <span class='ocrx_word' id='word_1_103' title='bbox 707 1009 731 1033; x_wconf 88' lang='lat' dir='ltr'><strong>a</strong></span> <span class='ocrx_word' id='word_1_104' title='bbox 762 994 805 1046; x_wconf 90' lang='lat'><strong>7,</strong></span> <span class='ocrx_word' id='word_1_105' title='bbox 836 994 879 1046; x_wconf 79' lang='lat'>5,</span> <span class='ocrx_word' id='word_1_106' title='bbox 911 994 969 1045; x_wconf 87' lang='grc'><strong>9.)</strong></span> <span class='ocrx_word' id='word_1_107' title='bbox 1002 995 1163 1035; x_wconf 90' lang='lat' dir='ltr'><strong>laudem</strong></span> <span class='ocrx_word' id='word_1_108' title='bbox 1194 997 1372 1050; x_wconf 86' lang='lat' dir='ltr'><strong>aliquam</strong></span> <span class='ocrx_word' id='word_1_109' title='bbox 1402 996 1706 1051; x_wconf 88' lang='lat' dir='ltr'><strong>Epaminondae</strong></span> <span class='ocrx_word' id='word_1_110' title='bbox 1737 996 1846 1037; x_wconf 86' lang='lat' dir='ltr'><strong>haud</strong></span> <span class='ocrx_word' id='word_1_111' title='bbox 1876 997 2071 1048; x_wconf 84' lang='lat' dir='ltr'><strong>denegat,</strong></span> <span class='ocrx_word' id='word_1_112' title='bbox 2110 1018 2113 1019; x_wconf 30' lang='grc' dir='ltr'><em>ν</em></span> <span class='ocrx_word' id='word_1_113' title='bbox 2139 994 2161 1045; x_wconf 69' lang='lat' dir='ltr'><em>j</em></span> <span class='ocrx_word' id='word_1_114' title='bbox 2194 1014 2210 1023; x_wconf 92' lang='lat'><em>-</em></span> 
     </span>
     <span class='ocr_line' id='line_1_14' title="bbox 624 1048 2210 1107; baseline -0.001 -17"><span class='ocrx_word' id='word_1_115' title='bbox 624 1064 713 1092; x_wconf 87' lang='lat' dir='ltr'><strong>sam</strong></span> <span class='ocrx_word' id='word_1_116' title='bbox 742 1060 862 1092; x_wconf 86' lang='lat' dir='ltr'><strong>antea</strong></span> <span class='ocrx_word' id='word_1_117' title='bbox 898 1052 1098 1107; x_wconf 83' lang='lat' dir='ltr'><strong>justitiam</strong></span> <span class='ocrx_word' id='word_1_118' title='bbox 1137 1053 1436 1107; x_wconf 88' lang='lat' dir='ltr'><strong>quodammodo</strong></span> <span class='ocrx_word' id='word_1_119' title='bbox 1470 1069 1733 1107; x_wconf 85' lang='lat' dir='ltr'><strong>compensare</strong></span> <span class='ocrx_word' id='word_1_120' title='bbox 1769 1055 1950 1093; x_wconf 85' lang='lat' dir='ltr'><strong>voluisse</strong></span> <span class='ocrx_word' id='word_1_121' title='bbox 1978 1053 2141 1091; x_wconf 82' lang='lat' dir='ltr'><strong>videtur</strong></span> <span class='ocrx_word' id='word_1_122' title='bbox 2159 1048 2210 1101; x_wconf 75' lang='lat'><strong>2).</strong></span> 
     </span>
     <span class='ocr_line' id='line_1_15' title="bbox 625 1108 2210 1165; baseline -0.001 -17"><span class='ocrx_word' id='word_1_123' title='bbox 625 1109 719 1159; x_wconf 81' lang='lat' dir='ltr'><strong>Quo</strong></span> <span class='ocrx_word' id='word_1_124' title='bbox 751 1109 926 1161; x_wconf 87' lang='lat' dir='ltr'><strong>accedit,</strong></span> <span class='ocrx_word' id='word_1_125' title='bbox 985 1109 1119 1163; x_wconf 90' lang='lat' dir='ltr'><strong>quod,</strong></span> <span class='ocrx_word' id='word_1_126' title='bbox 1178 1124 1305 1165; x_wconf 89' lang='lat' dir='ltr'><strong>quum</strong></span> <span class='ocrx_word' id='word_1_127' title='bbox 1335 1124 1384 1150; x_wconf 90' lang='lat' dir='ltr'><strong>eo</strong></span> <span class='ocrx_word' id='word_1_128' title='bbox 1416 1116 1624 1165; x_wconf 80' lang='lat' dir='ltr'><strong>tempore,</strong></span> <span class='ocrx_word' id='word_1_129' title='bbox 1708 1124 1760 1151; x_wconf 86' lang='lat' dir='ltr'><strong>uo</strong></span> <span class='ocrx_word' id='word_1_130' title='bbox 1789 1110 1888 1151; x_wconf 86' lang='lat' dir='ltr'><strong>haec</strong></span> <span class='ocrx_word' id='word_1_131' title='bbox 1918 1108 2210 1158; x_wconf 85' lang='lat' dir='ltr'><strong>scriberentur,</strong></span> 
     </span>
     <span class='ocr_line' id='line_1_16' title="bbox 624 1164 2212 1222; baseline 0.001 -18"><span class='ocrx_word' id='word_1_132' title='bbox 624 1167 842 1217; x_wconf 84' lang='lat' dir='ltr'><strong>Agesilaus</strong></span> <span class='ocrx_word' id='word_1_133' title='bbox 873 1167 1022 1218; x_wconf 87' lang='lat' dir='ltr'><strong>procul</strong></span> <span class='ocrx_word' id='word_1_134' title='bbox 1052 1166 1179 1206; x_wconf 83' lang='lat' dir='ltr'><strong>dubio</strong></span> <span class='ocrx_word' id='word_1_135' title='bbox 1205 1167 1292 1220; x_wconf 88' lang='lat' dir='ltr'><strong>jam</strong></span> <span class='ocrx_word' id='word_1_136' title='bbox 1323 1174 1511 1207; x_wconf 84' lang='lat' dir='ltr'><strong>mortuus</strong></span> <span class='ocrx_word' id='word_1_137' title='bbox 1543 1174 1652 1207; x_wconf 83' lang='lat' dir='ltr'><strong>esset</strong></span> <span class='ocrx_word' id='word_1_138' title='bbox 1703 1167 1753 1206; x_wconf 81' lang='lat' dir='ltr'><strong>cf.</strong></span> <span class='ocrx_word' id='word_1_139' title='bbox 1785 1181 1910 1221; x_wconf 88' lang='lat' dir='ltr'><strong>supra</strong></span> <span class='ocrx_word' id='word_1_140' title='bbox 1939 1167 1979 1222; x_wconf 69' lang='grc'><strong>5.</strong></span> <span class='ocrx_word' id='word_1_141' title='bbox 2009 1164 2094 1221; x_wconf 86' lang='grc'>6.),</span> <span class='ocrx_word' id='word_1_142' title='bbox 2126 1166 2212 1205; x_wconf 84' lang='lat' dir='ltr'><strong>Xe·</strong></span> 
     </span>
     <span class='ocr_line' id='line_1_17' title="bbox 623 1221 2210 1278; baseline 0 -17"><span class='ocrx_word' id='word_1_143' title='bbox 623 1222 794 1277; x_wconf 91' lang='lat' dir='ltr'><strong>nophon</strong></span> <span class='ocrx_word' id='word_1_144' title='bbox 824 1221 1018 1276; x_wconf 86' lang='lat' dir='ltr'><strong>liberius,</strong></span> <span class='ocrx_word' id='word_1_145' title='bbox 1051 1238 1157 1278; x_wconf 87' lang='lat' dir='ltr'><strong>quae</strong></span> <span class='ocrx_word' id='word_1_146' title='bbox 1187 1224 1378 1277; x_wconf 89' lang='lat' dir='ltr'><strong>sentiret,</strong></span> <span class='ocrx_word' id='word_1_147' title='bbox 1409 1223 1605 1278; x_wconf 84' lang='lat' dir='ltr'><strong>proloqui</strong></span> <span class='ocrx_word' id='word_1_148' title='bbox 1635 1224 1878 1265; x_wconf 86' lang='lat' dir='ltr'><strong>sustinebat.</strong></span> <span class='ocrx_word' id='word_1_149' title='bbox 1939 1223 2021 1265; x_wconf 81' lang='lat' dir='ltr'><strong>Vel</strong></span> <span class='ocrx_word' id='word_1_150' title='bbox 2050 1223 2110 1263; x_wconf 86' lang='lat' dir='ltr'><strong>sic</strong></span> <span class='ocrx_word' id='word_1_151' title='bbox 2136 1222 2210 1274; x_wconf 81' lang='lat' dir='ltr'><strong>igi-</strong></span> 
     </span>
     <span class='ocr_line' id='line_1_18' title="bbox 624 1278 2211 1338; baseline 0.001 -20"><span class='ocrx_word' id='word_1_152' title='bbox 624 1285 693 1318; x_wconf 91' lang='lat' dir='ltr'><strong>tur</strong></span> <span class='ocrx_word' id='word_1_153' title='bbox 722 1294 981 1335; x_wconf 89' lang='lat' dir='ltr'><strong>summopere</strong></span> <span class='ocrx_word' id='word_1_154' title='bbox 1013 1280 1234 1321; x_wconf 91' lang='lat' dir='ltr'><strong>dolendum</strong></span> <span class='ocrx_word' id='word_1_155' title='bbox 1266 1288 1351 1333; x_wconf 90' lang='lat' dir='ltr'><strong>est,</strong></span> <span class='ocrx_word' id='word_1_156' title='bbox 1394 1282 1507 1337; x_wconf 91' lang='lat' dir='ltr'><strong>quod</strong></span> <span class='ocrx_word' id='word_1_157' title='bbox 1538 1279 2122 1338; x_wconf 84' lang='lat' dir='ltr'><strong>PlutarcheaEpaminondae</strong></span> <span class='ocrx_word' id='word_1_158' title='bbox 2152 1278 2211 1319; x_wconf 80' lang='lat' dir='ltr'><strong>vi-</strong></span> 
     </span>
     <span class='ocr_line' id='line_1_19' title="bbox 625 1338 2212 1391; baseline -0.001 -15"><span class='ocrx_word' id='word_1_159' title='bbox 625 1343 666 1376; x_wconf 88' lang='lat' dir='ltr'><strong>ta</strong></span> <span class='ocrx_word' id='word_1_160' title='bbox 706 1339 827 1391; x_wconf 89' lang='lat' dir='ltr'><strong>periit</strong></span> <span class='ocrx_word' id='word_1_161' title='bbox 865 1339 937 1387; x_wconf 82' lang='lat' dir='ltr'><strong>(cf.</strong></span> <span class='ocrx_word' id='word_1_162' title='bbox 971 1339 1134 1378; x_wconf 86' lang='lat' dir='ltr'><strong>Heeren</strong></span> <span class='ocrx_word' id='word_1_163' title='bbox 1173 1339 1223 1376; x_wconf 90' lang='lat' dir='ltr'><strong>de</strong></span> <span class='ocrx_word' id='word_1_164' title='bbox 1261 1340 1365 1377; x_wconf 74' lang='lat' dir='ltr'><strong>sont.</strong></span> <span class='ocrx_word' id='word_1_165' title='bbox 1395 1340 1508 1378; x_wconf 79' lang='lat' dir='ltr'><strong>Plut.</strong></span> <span class='ocrx_word' id='word_1_166' title='bbox 1546 1355 1587 1391; x_wconf 90' lang='lat' dir='ltr'><strong>p.</strong></span> <span class='ocrx_word' id='word_1_167' title='bbox 1617 1338 1659 1376; x_wconf 75' lang='lat'><strong>5.</strong></span> <span class='ocrx_word' id='word_1_168' title='bbox 1780 1341 1974 1377; x_wconf 77' lang='lat' dir='ltr'><strong>Ceterum</strong></span> <span class='ocrx_word' id='word_1_169' title='bbox 2009 1352 2093 1376; x_wconf 90' lang='lat' dir='ltr'><strong>non</strong></span> <span class='ocrx_word' id='word_1_170' title='bbox 2133 1343 2212 1387; x_wconf 83' lang='lat' dir='ltr'><strong>est,</strong></span> 
     </span>
     <span class='ocr_line' id='line_1_20' title="bbox 626 1393 2214 1447; baseline -0.001 -14"><span class='ocrx_word' id='word_1_171' title='bbox 626 1408 701 1433; x_wconf 83' lang='lat' dir='ltr'><strong>cur</strong></span> <span class='ocrx_word' id='word_1_172' title='bbox 736 1394 1055 1447; x_wconf 82' lang='lat' dir='ltr'><strong>Xenophontem</strong></span> <span class='ocrx_word' id='word_1_173' title='bbox 1102 1398 1275 1447; x_wconf 87' lang='lat' dir='ltr'><strong>propter</strong></span> <span class='ocrx_word' id='word_1_174' title='bbox 1323 1393 1528 1432; x_wconf 64' lang='lat' dir='ltr'><strong>silentium</strong></span> <span class='ocrx_word' id='word_1_175' title='bbox 1567 1393 1641 1432; x_wconf 89' lang='lat' dir='ltr'><strong>illu</strong></span> <span class='ocrx_word' id='word_1_176' title='bbox 1674 1395 1934 1445; x_wconf 54' lang='lat' dir='ltr'><strong>funalitiae«</strong></span> <span class='ocrx_word' id='word_1_177' title='bbox 1983 1395 2214 1435; x_wconf 82' lang='lat' dir='ltr'><strong>incusemus</strong></span> 
     </span>
     <span class='ocr_line' id='line_1_21' title="bbox 626 1449 2214 1505; baseline 0.001 -15"><span class='ocrx_word' id='word_1_178' title='bbox 626 1466 801 1505; x_wconf 87' lang='lat' dir='ltr'><strong>eumque</strong></span> <span class='ocrx_word' id='word_1_179' title='bbox 840 1450 1063 1490; x_wconf 78' lang='lat' dir='ltr'><strong>»hominem</strong></span> <span class='ocrx_word' id='word_1_180' title='bbox 1100 1450 1230 1489; x_wconf 89' lang='lat' dir='ltr'><strong>malae</strong></span> <span class='ocrx_word' id='word_1_181' title='bbox 1268 1450 1439 1502; x_wconf 84' lang='lat' dir='ltr'><strong>mentis,</strong></span> <span class='ocrx_word' id='word_1_182' title='bbox 1495 1449 1594 1489; x_wconf 83' lang='lat' dir='ltr'><strong>mali</strong></span> <span class='ocrx_word' id='word_1_183' title='bbox 1633 1449 1776 1503; x_wconf 82' lang='lat' dir='ltr'><strong>animi,</strong></span> <span class='ocrx_word' id='word_1_184' title='bbox 1839 1450 1961 1491; x_wconf 54' lang='lat' dir='ltr'><strong>omni*</strong></span> <span class='ocrx_word' id='word_1_185' title='bbox 1985 1450 2214 1491; x_wconf 71' lang='lat' dir='ltr'><strong>sinceritate</strong></span> 
     </span>
     <span class='ocr_line' id='line_1_22' title="bbox 626 1506 2212 1563; baseline -0.001 -15"><span class='ocrx_word' id='word_1_186' title='bbox 626 1509 851 1562; x_wconf 81' lang='lat' dir='ltr'><strong>privatum«</strong></span> <span class='ocrx_word' id='word_1_187' title='bbox 891 1506 1169 1562; x_wconf 82' lang='lat' dir='ltr'><strong>appellemus,</strong></span> <span class='ocrx_word' id='word_1_188' title='bbox 1211 1507 1324 1562; x_wconf 92' lang='lat' dir='ltr'><strong>quod</strong></span> <span class='ocrx_word' id='word_1_189' title='bbox 1356 1516 1489 1560; x_wconf 70' lang='lat' dir='ltr'><strong>nuper</strong></span> <span class='ocrx_word' id='word_1_190' title='bbox 1517 1507 1614 1547; x_wconf 72' lang='lat' dir='ltr'><strong>fecit</strong></span> <span class='ocrx_word' id='word_1_191' title='bbox 1644 1506 1751 1547; x_wconf 84' lang='lat' dir='ltr'><strong>Rob.</strong></span> <span class='ocrx_word' id='word_1_192' title='bbox 1784 1508 1944 1562; x_wconf 79' lang='lat' dir='ltr'><strong>Gompf</strong></span> <span class='ocrx_word' id='word_1_193' title='bbox 1970 1506 2212 1563; x_wconf 68' lang='lat' dir='ltr'><strong>(Sicyoniac.</strong></span> 
     </span>
     <span class='ocr_line' id='line_1_23' title="bbox 626 1561 2208 1620; baseline 0 -15"><span class='ocrx_word' id='word_1_194' title='bbox 626 1579 736 1619; x_wconf 85' lang='lat' dir='ltr'><strong>spec.</strong></span> <span class='ocrx_word' id='word_1_195' title='bbox 770 1564 808 1605; x_wconf 86' lang='lat'><strong>1.</strong></span> <span class='ocrx_word' id='word_1_196' title='bbox 840 1580 881 1619; x_wconf 89' lang='lat' dir='ltr'><strong>p.</strong></span> <span class='ocrx_word' id='word_1_197' title='bbox 912 1562 1025 1620; x_wconf 74' lang='lat'><strong>42.);</strong></span> <span class='ocrx_word' id='word_1_198' title='bbox 1056 1565 1108 1603; x_wconf 85' lang='lat' dir='ltr'><strong>cf.</strong></span> <span class='ocrx_word' id='word_1_199' title='bbox 1139 1564 1246 1604; x_wconf 87' lang='lat' dir='ltr'><strong>enim</strong></span> <span class='ocrx_word' id='word_1_200' title='bbox 1275 1578 1400 1618; x_wconf 89' lang='lat' dir='ltr'><strong>supra</strong></span> <span class='ocrx_word' id='word_1_201' title='bbox 1432 1563 1472 1619; x_wconf 78' lang='lat'><strong>§-</strong></span> <span class='ocrx_word' id='word_1_202' title='bbox 1495 1561 1535 1603; x_wconf 74' lang='lat'><strong>2.</strong></span> <span class='ocrx_word' id='word_1_203' title='bbox 1596 1565 1655 1604; x_wconf 79' lang='lat' dir='ltr'><strong>At</strong></span> <span class='ocrx_word' id='word_1_204' title='bbox 1684 1563 1956 1605; x_wconf 86' lang='lat' dir='ltr'><strong>subsistamus</strong></span> <span class='ocrx_word' id='word_1_205' title='bbox 1988 1563 2067 1605; x_wconf 86' lang='lat' dir='ltr'><strong>hoc</strong></span> <span class='ocrx_word' id='word_1_206' title='bbox 2097 1564 2208 1616; x_wconf 87' lang='lat' dir='ltr'><strong>loco,</strong></span> 
     </span>
     <span class='ocr_line' id='line_1_24' title="bbox 628 1621 2212 1678; baseline -0.001 -16"><span class='ocrx_word' id='word_1_207' title='bbox 628 1638 756 1677; x_wconf 90' lang='lat' dir='ltr'><strong>quum</strong></span> <span class='ocrx_word' id='word_1_208' title='bbox 789 1630 946 1673; x_wconf 87' lang='lat' dir='ltr'><strong>cetera,</strong></span> <span class='ocrx_word' id='word_1_209' title='bbox 995 1636 1101 1676; x_wconf 87' lang='lat' dir='ltr'><strong>quae</strong></span> <span class='ocrx_word' id='word_1_210' title='bbox 1131 1622 1278 1662; x_wconf 80' lang='lat' dir='ltr'><strong>afferre</strong></span> <span class='ocrx_word' id='word_1_211' title='bbox 1307 1636 1523 1675; x_wconf 85' lang='lat' dir='ltr'><strong>possemus</strong></span> <span class='ocrx_word' id='word_1_212' title='bbox 1554 1621 1739 1678; x_wconf 84' lang='lat' dir='ltr'><strong>exempla</strong></span> <span class='ocrx_word' id='word_1_213' title='bbox 1771 1629 1855 1669; x_wconf 75' lang='lat' dir='ltr'><strong>tam</strong></span> <span class='ocrx_word' id='word_1_214' title='bbox 1886 1623 1968 1663; x_wconf 85' lang='lat' dir='ltr'><strong>sint</strong></span> <span class='ocrx_word' id='word_1_215' title='bbox 1995 1622 2128 1662; x_wconf 89' lang='lat' dir='ltr'><strong>allatis</strong></span> <span class='ocrx_word' id='word_1_216' title='bbox 2160 1623 2212 1662; x_wconf 88' lang='lat' dir='ltr'><strong>si·</strong></span> 
     </span>
     <span class='ocr_line' id='line_1_25' title="bbox 627 1678 2137 1738; baseline -0.001 -17"><span class='ocrx_word' id='word_1_217' title='bbox 627 1680 735 1721; x_wconf 90' lang='lat' dir='ltr'><strong>milia</strong></span> <span class='ocrx_word' id='word_1_218' title='bbox 768 1686 808 1720; x_wconf 90' lang='lat' dir='ltr'><strong>ct</strong></span> <span class='ocrx_word' id='word_1_219' title='bbox 839 1693 1041 1732; x_wconf 82' lang='lat' dir='ltr'><strong>congrua,</strong></span> <span class='ocrx_word' id='word_1_220' title='bbox 1075 1684 1123 1719; x_wconf 94' lang='lat' dir='ltr'><strong>ut</strong></span> <span class='ocrx_word' id='word_1_221' title='bbox 1153 1678 1262 1720; x_wconf 88' lang='lat' dir='ltr'><strong>dicta</strong></span> <span class='ocrx_word' id='word_1_222' title='bbox 1290 1693 1516 1734; x_wconf 83' lang='lat' dir='ltr'><strong>recoquere</strong></span> <span class='ocrx_word' id='word_1_223' title='bbox 1545 1686 1587 1720; x_wconf 88' lang='lat' dir='ltr'><strong>et</strong></span> <span class='ocrx_word' id='word_1_224' title='bbox 1616 1687 1705 1721; x_wconf 86' lang='lat' dir='ltr'><strong>acta</strong></span> <span class='ocrx_word' id='word_1_225' title='bbox 1739 1682 1858 1733; x_wconf 53' lang='lat' dir='ltr'><strong>age&amp;</strong></span> <span class='ocrx_word' id='word_1_226' title='bbox 1889 1694 2137 1738; x_wconf 52' lang='lat' dir='ltr'><strong>cogeremur.</strong></span> 
     </span>
    </p>

    <p class='ocr_par' dir='ltr' id='par_1_3' title="bbox 628 1735 2216 2077">
     <span class='ocr_line' id='line_1_26' title="bbox 742 1735 2212 1793; baseline -0.001 -16"><span class='ocrx_word' id='word_1_227' title='bbox 742 1738 891 1777; x_wconf 88' lang='lat' dir='ltr'><strong>Paucis</strong></span> <span class='ocrx_word' id='word_1_228' title='bbox 931 1751 1061 1789; x_wconf 91' lang='lat' dir='ltr'><strong>nunc,</strong></span> <span class='ocrx_word' id='word_1_229' title='bbox 1122 1751 1227 1791; x_wconf 80' lang='lat' dir='ltr'><strong>quae</strong></span> <span class='ocrx_word' id='word_1_230' title='bbox 1272 1735 1349 1777; x_wconf 89' lang='lat' dir='ltr'><strong>hac</strong></span> <span class='ocrx_word' id='word_1_231' title='bbox 1397 1737 1676 1791; x_wconf 85' lang='lat' dir='ltr'><strong>disputatione</strong></span> <span class='ocrx_word' id='word_1_232' title='bbox 1715 1736 1918 1793; x_wconf 82' lang='lat' dir='ltr'><strong>probasse</strong></span> <span class='ocrx_word' id='word_1_233' title='bbox 1965 1737 2212 1791; x_wconf 86' lang='lat' dir='ltr'><strong>studuimus,</strong></span> 
     </span>
     <span class='ocr_line' id='line_1_27' title="bbox 628 1788 2212 1851; baseline -0.001 -15"><span class='ocrx_word' id='word_1_234' title='bbox 628 1795 1030 1851; x_wconf 85' lang='lat' dir='ltr'><strong>comprehendamus.</strong></span> <span class='ocrx_word' id='word_1_235' title='bbox 1098 1794 1287 1835; x_wconf 84' lang='lat' dir='ltr'><strong>Vidimus</strong></span> <span class='ocrx_word' id='word_1_236' title='bbox 1325 1795 1431 1836; x_wconf 88' lang='lat' dir='ltr'><strong>enim</strong></span> <span class='ocrx_word' id='word_1_237' title='bbox 1461 1792 1506 1850; x_wconf 82' lang='lat'><strong>1)</strong></span> <span class='ocrx_word' id='word_1_238' title='bbox 1538 1788 1748 1837; x_wconf 69' lang='lat' dir='ltr'><strong>Hellehica</strong></span> <span class='ocrx_word' id='word_1_239' title='bbox 1778 1795 1948 1836; x_wconf 79' lang='lat' dir='ltr'><strong>multam</strong></span> <span class='ocrx_word' id='word_1_240' title='bbox 1978 1802 2019 1837; x_wconf 90' lang='lat' dir='ltr'><strong>et</strong></span> <span class='ocrx_word' id='word_1_241' title='bbox 2047 1796 2212 1847; x_wconf 87' lang='lat' dir='ltr'><strong>variam,</strong></span> 
     </span>
     <span class='ocr_line' id='line_1_28' title="bbox 628 1851 2216 1908; baseline 0.001 -16"><span class='ocrx_word' id='word_1_242' title='bbox 628 1867 863 1908; x_wconf 88' lang='lat' dir='ltr'><strong>quanquam</strong></span> <span class='ocrx_word' id='word_1_243' title='bbox 895 1867 979 1892; x_wconf 94' lang='lat' dir='ltr'><strong>non</strong></span> <span class='ocrx_word' id='word_1_244' title='bbox 1018 1866 1179 1906; x_wconf 87' lang='lat' dir='ltr'><strong>semper</strong></span> <span class='ocrx_word' id='word_1_245' title='bbox 1217 1852 1318 1893; x_wconf 89' lang='lat' dir='ltr'><strong>satis</strong></span> <span class='ocrx_word' id='word_1_246' title='bbox 1351 1859 1579 1892; x_wconf 83' lang='lat' dir='ltr'><strong>accuratam</strong></span> <span class='ocrx_word' id='word_1_247' title='bbox 1610 1859 1651 1893; x_wconf 90' lang='lat' dir='ltr'><strong>et</strong></span> <span class='ocrx_word' id='word_1_248' title='bbox 1688 1853 1953 1907; x_wconf 88' lang='lat' dir='ltr'><strong>dispositam,</strong></span> <span class='ocrx_word' id='word_1_249' title='bbox 2015 1851 2216 1908; x_wconf 78' lang='lat' dir='ltr'><strong>praebere</strong></span> 
     </span>
     <span class='ocr_line' id='line_1_29' title="bbox 629 1909 2213 1965; baseline -0.001 -15"><span class='ocrx_word' id='word_1_250' title='bbox 629 1910 925 1965; x_wconf 85' lang='lat' dir='ltr'><strong>supellectilem</strong></span> <span class='ocrx_word' id='word_1_251' title='bbox 955 1909 1007 1949; x_wconf 89' lang='lat' dir='ltr'><strong>ad</strong></span> <span class='ocrx_word' id='word_1_252' title='bbox 1046 1909 1257 1950; x_wconf 88' lang='lat' dir='ltr'><strong>historiam</strong></span> <span class='ocrx_word' id='word_1_253' title='bbox 1294 1909 1469 1950; x_wconf 87' lang='lat' dir='ltr'><strong>labentis</strong></span> <span class='ocrx_word' id='word_1_254' title='bbox 1504 1911 1694 1951; x_wconf 88' lang='lat' dir='ltr'><strong>Graeciae</strong></span> <span class='ocrx_word' id='word_1_255' title='bbox 1732 1911 2035 1963; x_wconf 77' lang='lat' dir='ltr'><strong>illustrandam,</strong></span> <span class='ocrx_word' id='word_1_256' title='bbox 2097 1925 2213 1964; x_wconf 91' lang='lat' dir='ltr'><strong>prae-</strong></span> 
     </span>
     <span class='ocr_line' id='line_1_30' title="bbox 629 1966 2212 2024; baseline 0.001 -17"><span class='ocrx_word' id='word_1_257' title='bbox 629 1969 769 2007; x_wconf 87' lang='lat' dir='ltr'><strong>sertim</strong></span> <span class='ocrx_word' id='word_1_258' title='bbox 799 1968 840 2006; x_wconf 91' lang='lat' dir='ltr'><strong>in</strong></span> <span class='ocrx_word' id='word_1_259' title='bbox 872 1968 1013 2021; x_wconf 89' lang='lat' dir='ltr'><strong>primis</strong></span> <span class='ocrx_word' id='word_1_260' title='bbox 1044 1966 1208 2009; x_wconf 89' lang='lat' dir='ltr'><strong>duobus</strong></span> <span class='ocrx_word' id='word_1_261' title='bbox 1240 1966 1380 2019; x_wconf 90' lang='lat' dir='ltr'><strong>libris,</strong></span> <span class='ocrx_word' id='word_1_262' title='bbox 1443 1967 1515 2022; x_wconf 87' lang='lat' dir='ltr'><strong>qui</strong></span> <span class='ocrx_word' id='word_1_263' title='bbox 1548 1967 1799 2024; x_wconf 75' lang='lat' dir='ltr'><strong>Thucydidis</strong></span> <span class='ocrx_word' id='word_1_264' title='bbox 1832 1969 2002 2022; x_wconf 81' lang='lat' dir='ltr'><strong>vestigia</strong></span> <span class='ocrx_word' id='word_1_265' title='bbox 2033 1967 2212 2024; x_wconf 82' lang='lat' dir='ltr'><strong>prodere</strong></span> 
     </span>
     <span class='ocr_line' id='line_1_31' title="bbox 630 2026 862 2077; baseline 0 -13"><span class='ocrx_word' id='word_1_266' title='bbox 630 2026 862 2077; x_wconf 74' lang='lat' dir='ltr'><strong>videantur,</strong></span> 
     </span>
    </p>
   </div>
   <div class='ocr_carea' id='block_1_3' title="bbox 745 2081 2214 2139">
    <p class='ocr_par' dir='ltr' id='par_1_4' title="bbox 745 2081 2214 2139">
     <span class='ocr_line' id='line_1_32' title="bbox 745 2081 2214 2139; baseline 0.001 -17"><span class='ocrx_word' id='word_1_267' title='bbox 745 2081 792 2139; x_wconf 73' lang='lat'><strong>2)</strong></span> <span class='ocrx_word' id='word_1_268' title='bbox 824 2081 932 2124; x_wconf 87' lang='lat' dir='ltr'><strong>haud</strong></span> <span class='ocrx_word' id='word_1_269' title='bbox 964 2084 1105 2139; x_wconf 85' lang='lat' dir='ltr'><strong>paucis</strong></span> <span class='ocrx_word' id='word_1_270' title='bbox 1137 2082 1326 2124; x_wconf 81' lang='lat' dir='ltr'><strong>distincta</strong></span> <span class='ocrx_word' id='word_1_271' title='bbox 1359 2097 1450 2125; x_wconf 89' lang='lat' dir='ltr'><strong>esse</strong></span> <span class='ocrx_word' id='word_1_272' title='bbox 1482 2083 1736 2137; x_wconf 79' lang='lat' dir='ltr'><strong>singularum</strong></span> <span class='ocrx_word' id='word_1_273' title='bbox 1770 2099 1908 2126; x_wconf 81' lang='lat' dir='ltr'><strong>rerum</strong></span> <span class='ocrx_word' id='word_1_274' title='bbox 1939 2090 1979 2126; x_wconf 90' lang='lat' dir='ltr'><strong>et</strong></span> <span class='ocrx_word' id='word_1_275' title='bbox 2008 2082 2214 2126; x_wconf 80' lang='lat' dir='ltr'><strong>hominum</strong></span> 
     </span>
    </p>
   </div>
   <div class='ocr_carea' id='block_1_4' title="bbox 796 2200 982 2205">
    <p class='ocr_par' dir='ltr' id='par_1_5' title="bbox 796 2200 982 2205">
     <span class='ocr_line' id='line_1_33' title="bbox 796 2200 982 2205; baseline 0 0"><span class='ocrx_word' id='word_1_276' title='bbox 796 2200 982 2205; x_wconf 95' lang='lat' dir='ltr'><strong> </strong></span> 
     </span>
    </p>
   </div>
   <div class='ocr_carea' id='block_1_5' title="bbox 672 2275 1745 2331">
    <p class='ocr_par' dir='ltr' id='par_1_6' title="bbox 672 2275 1745 2331">
     <span class='ocr_line' id='line_1_34' title="bbox 672 2275 1745 2331; baseline -0.001 -26"><span class='ocrx_word' id='word_1_277' title='bbox 672 2276 704 2314; x_wconf 79' lang='grc' dir='ltr'><strong>Ι)</strong></span> <span class='ocrx_word' id='word_1_278' title='bbox 746 2277 791 2305; x_wconf 75' lang='lat' dir='ltr'><strong>Cf.</strong></span> <span class='ocrx_word' id='word_1_279' title='bbox 818 2277 858 2305; x_wconf 80' lang='lat' dir='ltr'><strong>sis</strong></span> <span class='ocrx_word' id='word_1_280' title='bbox 880 2277 1001 2314; x_wconf 73' lang='lat' dir='ltr'><strong>Mauso,</strong></span> <span class='ocrx_word' id='word_1_281' title='bbox 1024 2275 1137 2314; x_wconf 72' lang='lat' dir='ltr'><strong>Sparta</strong></span> <span class='ocrx_word' id='word_1_282' title='bbox 1160 2275 1194 2314; x_wconf 75' lang='lat'>5,</span> <span class='ocrx_word' id='word_1_283' title='bbox 1216 2276 1250 2314; x_wconf 76' lang='lat'>2,</span> <span class='ocrx_word' id='word_1_284' title='bbox 1273 2286 1305 2316; x_wconf 82' lang='lat' dir='ltr'><strong>p.</strong></span> <span class='ocrx_word' id='word_1_285' title='bbox 1326 2275 1348 2305; x_wconf 75' lang='lat'><strong>3</strong></span> <span class='ocrx_word' id='word_1_286' title='bbox 1370 2285 1436 2315; x_wconf 74' lang='lat' dir='ltr'><strong>sqq.</strong></span> <span class='ocrx_word' id='word_1_287' title='bbox 1717 2296 1745 2331; x_wconf 33' lang='lat'><strong>‘¹</strong></span> 
     </span>
    </p>
   </div>
   <div class='ocr_carea' id='block_1_6' title="bbox 671 2329 2212 2532">
    <p class='ocr_par' dir='ltr' id='par_1_7' title="bbox 671 2329 2212 2532">
     <span class='ocr_line' id='line_1_35' title="bbox 671 2329 2212 2375; baseline 0.001 -12"><span class='ocrx_word' id='word_1_288' title='bbox 671 2334 706 2373; x_wconf 67' lang='grc' dir='ltr'><strong>Ξ)</strong></span> <span class='ocrx_word' id='word_1_289' title='bbox 746 2335 837 2363; x_wconf 77' lang='lat' dir='ltr'><strong>Peter</strong></span> <span class='ocrx_word' id='word_1_290' title='bbox 856 2336 901 2373; x_wconf 88' lang='lat' dir='ltr'><strong>(p.</strong></span> <span class='ocrx_word' id='word_1_291' title='bbox 926 2333 991 2363; x_wconf 81' lang='lat'><strong>108</strong></span> <span class='ocrx_word' id='word_1_292' title='bbox 1013 2344 1058 2372; x_wconf 76' lang='lat' dir='ltr'><strong>sq.</strong></span> <span class='ocrx_word' id='word_1_293' title='bbox 1087 2335 1126 2364; x_wconf 74' lang='lat' dir='ltr'><strong>cf.</strong></span> <span class='ocrx_word' id='word_1_294' title='bbox 1146 2344 1177 2373; x_wconf 78' lang='lat' dir='ltr'><strong>p.</strong></span> <span class='ocrx_word' id='word_1_295' title='bbox 1199 2329 1268 2371; x_wconf 68' lang='lat'><strong>9⁷2)</strong></span> <span class='ocrx_word' id='word_1_296' title='bbox 1287 2335 1327 2363; x_wconf 80' lang='lat' dir='ltr'><strong>de</strong></span> <span class='ocrx_word' id='word_1_297' title='bbox 1346 2335 1526 2374; x_wconf 69' lang='lat' dir='ltr'><strong>pervulgata</strong></span> <span class='ocrx_word' id='word_1_298' title='bbox 1547 2345 1648 2364; x_wconf 82' lang='lat' dir='ltr'><strong>rernm</strong></span> <span class='ocrx_word' id='word_1_299' title='bbox 1678 2333 1721 2366; x_wconf 59' lang='grc' dir='ltr'><strong>ἀ</strong></span> <span class='ocrx_word' id='word_1_300' title='bbox 1736 2334 1950 2375; x_wconf 63' lang='lat' dir='ltr'><strong>Bpuninonda</strong></span> <span class='ocrx_word' id='word_1_301' title='bbox 1970 2338 2126 2375; x_wconf 52' lang='grc' dir='ltr'><strong>ΒΜ</strong></span> <span class='ocrx_word' id='word_1_302' title='bbox 2146 2334 2212 2364; x_wconf 73' lang='lat' dir='ltr'><strong>lan-</strong></span> 
     </span>
     <span class='ocr_line' id='line_1_36' title="bbox 752 2371 2211 2412; baseline 0 -11"><span class='ocrx_word' id='word_1_303' title='bbox 752 2374 805 2406; x_wconf 83' lang='lat' dir='ltr'><strong>de,</strong></span> <span class='ocrx_word' id='word_1_304' title='bbox 851 2383 942 2410; x_wconf 82' lang='lat' dir='ltr'><strong>quam</strong></span> <span class='ocrx_word' id='word_1_305' title='bbox 962 2374 1001 2400; x_wconf 87' lang='lat' dir='ltr'><strong>de</strong></span> <span class='ocrx_word' id='word_1_306' title='bbox 1021 2373 1228 2411; x_wconf 74' lang='lat' dir='ltr'><strong>xenophontis</strong></span> <span class='ocrx_word' id='word_1_307' title='bbox 1248 2374 1310 2401; x_wconf 77' lang='lat' dir='ltr'><strong>fide</strong></span> <span class='ocrx_word' id='word_1_308' title='bbox 1330 2377 1361 2401; x_wconf 84' lang='lat' dir='ltr'><strong>et</strong></span> <span class='ocrx_word' id='word_1_309' title='bbox 1388 2375 1420 2401; x_wconf 86' lang='lat' dir='ltr'><strong>in</strong></span> <span class='ocrx_word' id='word_1_310' title='bbox 1474 2375 1563 2402; x_wconf 77' lang='lat' dir='ltr'><strong>ritate</strong></span> <span class='ocrx_word' id='word_1_311' title='bbox 1583 2375 1703 2412; x_wconf 74' lang='lat' dir='ltr'><strong>aliquid</strong></span> <span class='ocrx_word' id='word_1_312' title='bbox 1723 2375 1845 2403; x_wconf 69' lang='lat' dir='ltr'><strong>detrahi</strong></span> <span class='ocrx_word' id='word_1_313' title='bbox 1858 2374 2000 2407; x_wconf 62' lang='lat' dir='ltr'><strong>..avum</strong></span> <span class='ocrx_word' id='word_1_314' title='bbox 2043 2371 2123 2402; x_wconf 73' lang='lat' dir='ltr'><strong>iuni</strong></span> <span class='ocrx_word' id='word_1_315' title='bbox 2142 2372 2211 2401; x_wconf 76' lang='lat' dir='ltr'><strong>fleri</strong></span> 
     </span>
     <span class='ocr_line' id='line_1_37' title="bbox 750 2410 2212 2452; baseline 0.001 -13"><span class='ocrx_word' id='word_1_316' title='bbox 750 2420 808 2439; x_wconf 89' lang='lat' dir='ltr'><strong>non</strong></span> <span class='ocrx_word' id='word_1_317' title='bbox 829 2420 934 2449; x_wconf 82' lang='lat' dir='ltr'><strong>posse,</strong></span> <span class='ocrx_word' id='word_1_318' title='bbox 977 2415 1041 2439; x_wconf 79' lang='lat' dir='ltr'><strong>tota</strong></span> <span class='ocrx_word' id='word_1_319' title='bbox 1067 2412 1233 2450; x_wconf 72' lang='lat' dir='ltr'><strong>antiquita·</strong></span> <span class='ocrx_word' id='word_1_320' title='bbox 1251 2412 1374 2440; x_wconf 73' lang='lat' dir='ltr'><strong>clamat.</strong></span> <span class='ocrx_word' id='word_1_321' title='bbox 1463 2422 1496 2442; x_wconf 84' lang='lat' dir='ltr'><strong>ee</strong></span> <span class='ocrx_word' id='word_1_322' title='bbox 1515 2413 1657 2451; x_wconf 72' lang='lat' dir='ltr'><strong>cuiqnam</strong></span> <span class='ocrx_word' id='word_1_323' title='bbox 1683 2414 1774 2441; x_wconf 71' lang='lat' dir='ltr'><strong>facile</strong></span> <span class='ocrx_word' id='word_1_324' title='bbox 1795 2411 2010 2452; x_wconf 71' lang='lat' dir='ltr'><strong>persuadebit,</strong></span> <span class='ocrx_word' id='word_1_325' title='bbox 2051 2410 2128 2441; x_wconf 79' lang='lat' dir='ltr'><strong>nihss</strong></span> <span class='ocrx_word' id='word_1_326' title='bbox 2151 2422 2212 2441; x_wconf 77' lang='lat' dir='ltr'><strong>nm-</strong></span> 
     </span>
     <span class='ocr_line' id='line_1_38' title="bbox 751 2450 2212 2489; baseline 0 -11"><span class='ocrx_word' id='word_1_327' title='bbox 751 2451 832 2488; x_wconf 76' lang='lat' dir='ltr'><strong>plius</strong></span> <span class='ocrx_word' id='word_1_328' title='bbox 854 2450 975 2478; x_wconf 83' lang='lat' dir='ltr'><strong>scivisse</strong></span> <span class='ocrx_word' id='word_1_329' title='bbox 999 2451 1225 2488; x_wconf 72' lang='lat' dir='ltr'><strong>Xenophontem</strong></span> <span class='ocrx_word' id='word_1_330' title='bbox 1245 2452 1284 2479; x_wconf 83' lang='lat' dir='ltr'><strong>de</strong></span> <span class='ocrx_word' id='word_1_331' title='bbox 1304 2451 1532 2489; x_wconf 73' lang='lat' dir='ltr'><strong>Epaminonda,</strong></span> <span class='ocrx_word' id='word_1_332' title='bbox 1573 2452 1771 2480; x_wconf 82' lang='lat' dir='ltr'><strong>celeberrimo</strong></span> <span class='ocrx_word' id='word_1_333' title='bbox 1792 2457 1823 2480; x_wconf 87' lang='lat' dir='ltr'><strong>et</strong></span> <span class='ocrx_word' id='word_1_334' title='bbox 1843 2452 1972 2479; x_wconf 74' lang='lat' dir='ltr'><strong>maximo</strong></span> <span class='ocrx_word' id='word_1_335' title='bbox 2000 2451 2083 2478; x_wconf 84' lang='lat' dir='ltr'><strong>illius</strong></span> <span class='ocrx_word' id='word_1_336' title='bbox 2103 2452 2212 2479; x_wconf 74' lang='lat' dir='ltr'><strong>aetatis</strong></span> 
     </span>
     <span class='ocr_line' id='line_1_39' title="bbox 751 2488 2211 2532; baseline 0.003 -18"><span class='ocrx_word' id='word_1_337' title='bbox 751 2490 826 2515; x_wconf 73' lang='lat' dir='ltr'><strong>viro.</strong></span> <span class='ocrx_word' id='word_1_338' title='bbox 885 2488 979 2532; x_wconf 31' lang='lat' dir='ltr'><strong>‘Certe</strong></span> <span class='ocrx_word' id='word_1_339' title='bbox 1008 2498 1140 2517; x_wconf 83' lang='lat' dir='ltr'><strong>summae</strong></span> <span class='ocrx_word' id='word_1_340' title='bbox 1167 2494 1221 2518; x_wconf 76' lang='lat' dir='ltr'><strong>aut</strong></span> <span class='ocrx_word' id='word_1_341' title='bbox 1248 2490 1382 2518; x_wconf 78' lang='lat' dir='ltr'><strong>incuriae</strong></span> <span class='ocrx_word' id='word_1_342' title='bbox 1410 2494 1463 2518; x_wconf 72' lang='lat' dir='ltr'><strong>aut</strong></span> <span class='ocrx_word' id='word_1_343' title='bbox 1492 2490 1647 2519; x_wconf 73' lang='lat' dir='ltr'><strong>caecitatis</strong></span> <span class='ocrx_word' id='word_1_344' title='bbox 1677 2491 1790 2519; x_wconf 80' lang='lat' dir='ltr'><strong>crimen</strong></span> <span class='ocrx_word' id='word_1_345' title='bbox 1815 2494 1987 2519; x_wconf 76' lang='lat' dir='ltr'><strong>nasceretur</strong></span> <span class='ocrx_word' id='word_1_346' title='bbox 2013 2489 2082 2519; x_wconf 85' lang='lat' dir='ltr'><strong>iude</strong></span> <span class='ocrx_word' id='word_1_347' title='bbox 2112 2499 2211 2518; x_wconf 80' lang='lat' dir='ltr'><strong>rerum</strong></span> 
     </span>
    </p>
   </div>
  </div>
 </body>
</html>
