2626 3230
1381 265 1671 309 -56-

739 392 875 426 autem
920 399 1042 440 quam
1078 384 1250 423 maxime
1288 381 1476 437 Spartani
1516 381 1741 431 libertatem
1779 383 1969 423 Graeciae
2005 388 2181 439 causati,
2241 388 2313 430 sed

740 458 839 485 suae
867 449 1025 484 tantum
1063 439 1296 482 dominandi
1333 438 1491 489 libidini
1528 440 1617 488 ind,
1682 485 1686 490 p
1722 446 1804 491 tes,
1862 440 1935 492 illo
1973 443 2096 483 modo
2131 445 2312 487 civitates

741 497 1369 554 ordinabant-perLysandrum
1390 496 1526 553 (Diod.
1553 495 1644 548 14„
1706 495 1757 553 .),
1783 497 1827 537 id
1856 497 1967 554 quod
1994 500 2049 537 ὠς
2076 501 2117 538 ἐν
2143 505 2277 549 παρόδ

738 558 869 608 tangit
915 554 1151 610 Xenophon
1187 553 1309 606 5,,4,
1340 553 1383 601 2.,
1407 562 1467 600 >et
1506 553 1551 605 5,
1583 553 1631 605 4,
1662 552 1701 593 7.
1750 555 1894 607 (01:24,
1921 553 1966 607 8,
1999 554 2037 595 1.
2086 555 2207 596 Diod.
2241 554 2266 597 1
2299 584 2314 609 ‚

739 611 811 654 84.
841 612 892 655 de
920 612 1086 665 Asia)‚·
1122 627 1250 669 quum
1274 610 1441 661 Arisfld.
1472 611 1590 652 Tom.
1621 611 1672 651 11.
1710 626 1750 667 p.
1783 610 2075 666 managans
2103 612 2197 655 inde
2227 620 2315 655 tur·

737 670 812 709 bas
842 671 884 708 in
914 669 1145 715 civitatibus
1178 676 1289 710 ortas
1321 682 1410 708 esse
1439 668 1544 708 dicat
1560 666 1614 721 ⁴).
1703 670 1931 709 Instructae
1969 676 2103 710 autem
2133 684 2182 715 eo
2214 677 2314 711 tem-

737 742 841 783 pore
882 735 997 769 erant
1034 727 1250 771 harmostis
1291 731 1331 766 et
1371 725 1580 780 praesidiis
1612 725 1823 775 Laconicis
1853 725 2063 779 Euboea,
2109 727 2314 781 Tanagra,

738 792 828 825 tota
856 785 1049 836 Boeotia,
1095 784 1283 835 Megara,
1330 783 1487 834 Aegina
1516 782 1588 836 (cf.
1617 783 1727 823 nell.
1754 782 1799 836 5,
1834 783 1910 838 1.),
1958 784 2161 838 Cleonae,
2214 785 2317 827 aliae

735 842 920 893 insulae,
954 842 1013 881 uti
1044 842 1100 881 ait
1128 839 1336 885 Demosth.
1368 839 1420 881 de
1449 840 1544 880 Cor.
1575 855 1617 894 p.
1636 838 1735 881 258.
1768 841 1841 896 (cf.
1865 841 1974 883 Heu.
2000 840 2047 895 5,
2073 840 2118 894 5,
2145 840 2202 884 12
2220 843 2314 898 sq.).

734 899 798 940 De
829 912 876 940 ea
906 900 1030 951 igitur
1057 913 1103 938 re
1134 898 1233 938 nihil
1255 897 1349 942 ¹fere
1378 897 1636 951 Xenophon,
1694 913 1828 954 neque
1860 900 1979 941 etiam
2010 900 2234 955 quidquam
2263 899 2314 941 de

735 956 915 1007 ratione,
978 972 1082 1011 quae
1112 970 1221 995 nunc
1250 955 1372 1000 inter,
1387 954 1577 1009 Spartam
1610 955 1800 1011 aliasque.
1821 951 2011 998 Graeciae
2040 958 2224 1000 civitates
2254 958 2316 997 in·

738 1013 985 1054 tercedehat.
1050 1013 1159 1053 Dicit
1189 1011 1353 1067 quidem
1385 1010 1447 1067 (3,
1479 1011 1520 1064 1,
1551 1010 1610 1064 5.)
1643 1014 1723 1053 ἐπεὶ
1756 1014 1882 1062 πάσης
1911 1019 1978 1060 τῆς
2003 1015 2195 1053 Ἑλλάδος
2217 1027 2314 1061 προ·

738 1073 879 1110 στάται
926 1072 1020 1109 εἰσὶν
1058 1073 1133 1122 (sc.
1172 1073 1467 1115 Λακεδαιμόνιοι
1505 1085 1623 1110 anno.
1647 1067 1767 1123 599.)
1786 1076 1845 1109 .et
1884 1068 1998 1123 (ibid.
2027 1069 2082 1124 §f
2097 1068 2156 1124 5.)
2189 1074 2316 1108 πᾶσαι

735 1124 821 1171 γὰρ
846 1125 930 1161 τότε
955 1126 1000 1160 αἱ
1025 1127 1152 1162 πόλεις
1175 1123 1401 1168 ἐπείθοντο,
1452 1124 1509 1161 ὅτι
1533 1125 1837 1169 Λακεδαιμόνιος
1860 1126 1961 1170 ἀνὴρ
1987 1127 2194 1167 ἐπιτάττοι,
2240 1125 2314 1165 sed

736 1178 829 1217 inde
867 1178 965 1218 nihil
1002 1179 1107 1219 lucis
1157 1180 1308 1231 oritur3
1351 1180 1527 1233 ¹¹imoque
1568 1185 1696 1220 semet
1737 1180 1871 1234 ipsum
1917 1187 2064 1234 postca
2101 1181 2252 1226 refellit
2271 1180 2310 1238 5)

736 1236 944 1286 oratione,
984 1251 1106 1290 quam
1141 1234 1360 1276 Thebanos
1393 1233 1585 1275 habuisse
1614 1235 1733 1287 dicit,
1770 1242 1816 1275 ut
1847 1236 2116 1279 Athenienses
2147 1239 2198 1279 ad
2226 1239 2311 1281 foe·

735 1292 811 1330 dus
844 1293 1065 1332 ineundum
1099 1293 1402 1346 compellerent.
1484 1294 1572 1332 Hac
1602 1292 1865 1346 aliquomodo
1896 1294 2040 1333 damna
2071 1297 2149 1336 ista
2179 1311 2312 1336 resar-

735 1349 817 1389 cire
846 1349 1025 1389 voluisse
1059 1350 1243 1400 videtur,
1284 1349 1357 1388 sed
1381 1349 1548 1398 callide,
1579 1363 1683 1401 quae
1713 1350 1800 1401 ipsc
1825 1350 1942 1403 justo
1972 1350 2066 1392 loco
2100 1359 2141 1393 et
2170 1353 2312 1394 ordine

736 1419 903 1444 narrare
932 1407 1086 1444 veritus
1119 1411 1227 1452 erat,
1285 1417 1309 1440 a
1341 1403 1548 1451 Thebanis
1575 1404 1732 1441 infestis
1763 1407 2019 1456 pronuntiari
2046 1408 2197 1448 faciens
2227 1411 2311 1463 pri-

734 1476 868 1510 mum,
929 1466 976 1499 ut
1014 1461 1093 1499 alia
1130 1458 1285 1499 turbati
1325 1456 1477 1498 ordinis
1516 1458 1770 1499 incommoda
1799 1461 2004 1502 mittamus
2037 1462 2105 1518 (cf.
2137 1465 2313 1507 Creuzer

732 1533 773 1573 p.
805 1515 893 1556 295
924 1516 1062 1572 sqq),
1111 1515 1426 1567 dubitationem,
1474 1530 1526 1556 an
1553 1528 1650 1556 vera
1678 1515 1749 1556 illa
1778 1525 1937 1571 essent,
1982 1519 2141 1562 admisit
2170 1524 2241 1574 (cf.
2270 1524 2311 1579 §-

734 1573 803 1616 12.
832 1575 995 1613 εἵλωτας
1018 1575 1217 1620 ἁρμοστὰς
1242 1574 1359 1625 etc.),
1400 1579 1488 1612 tum
1518 1571 1740 1627 brevitate,
1771 1588 1852 1630 qua
1879 1577 2123 1630 paucissima
2153 1585 2312 1622 tantum

732 1632 882 1687 raptim
913 1630 1130 1684 complecti
1158 1637 1324 1684 posset,
1369 1630 1429 1670 uti
1457 1629 1694 1683 cogebatur.
1770 1634 1829 1674 At
1855 1631 1935 1674 hoc
1962 1636 2097 1690 ipsum
2126 1636 2310 1686 luculen-

733 1695 799 1729 ter
824 1686 1009 1742 prohat,
1030 1685 1074 1741 1)
1103 1693 1357 1741 quantopere
1385 1687 1537 1727 veritus
1563 1687 1708 1739 suerit,
1741 1702 1847 1743 quae
1870 1690 2196 1740 ,Lacedaemoniis
2222 1702 2309 1735 tur·

733 1746 800 1800 pia
832 1750 991 1794 essent,
1036 1743 1212 1795 referre,
1261 1742 1308 1797 2)
1336 1743 1381 1782 in
1410 1743 1714 1786 Hellenicorum
1743 1747 2039 1801 compositione
2069 1764 2161 1796 eum
2189 1765 2309 1806 prae-

733 1803 851 1855 cipue
880 1798 1220 1847 Lacedaemonios
1249 1799 1426 1840 lectores
1457 1799 1689 1856 respexisse
1697 1816 1711 1854 3
1744 1800 1793 1857 5)
1826 1801 2084 1861 nihspminus
2116 1820 2210 1856 eum
2241 1823 2309 1849 ve-

731 1859 862 1900 ritatis
893 1858 1122 1898 studiosum
1150 1857 1300 1910 fuisse,
1341 1857 1415 1899 sed
1444 1856 1730 1911 infirmiorem,
1781 1859 1904 1915 qua'm
1933 1861 2005 1917 qui
2033 1877 2121 1904 eam
2149 1878 2311 1920 semper

732 1923 775 1958 et
812 1915 967 1970 ubique
1005 1915 1157 1955 nullius
1202 1916 1361 1957 ratione
1404 1914 1543 1957 habita
1587 1915 1853 1971 'eloqueretur
1986 1920 2130 1973 ,insi-a).
2171 1935 2196 1951 ἢ
2218 1924 2310 1970 Hoc

733 1974 853 2015 etiam
880 1972 976 2012 inde
1008 1979 1203 2027 apparet,
1235 1973 1346 2029 qnod
1377 1987 1462 2015 non
1490 1981 1709 2025 memorat,
1742 1979 1895 2029 quomo
1927 1990 1952 2018 o
1981 1977 2195 2034 Lysander
2222 1980 2306 2022 He-

732 2030 893 2072 raclidis
923 2031 1136 2084 imperium
1176 2030 1379 2083 abrogare
1406 2031 1557 2085 regiam
1590 2046 1641 2072 ue
1671 2031 1908 2084 dignitatem
1935 2034 2104 2088 vulgare
2134 2043 2305 2081 conatus

732 2090 786 2128 sit
820 2087 891 2143 (cf.
920 2087 1040 2127 Diod.
1075 2086 1147 2139 14,
1181 2087 1252 2129 10.
1292 2088 1403 2128 Plut.
1432 2089 1530 2144 [ἵε.
1560 2045 1621 2129 {4
1651 2087 1754 2143 sq.);
1813 2097 1902 2131 erat
1937 2092 2044 2133 mim
2076 2107 2234 2150 anceps»
2265 2102 2307 2136 ct

731 2145 964 2200 periculosa
1000 2159 1090 2195 res,
1148 2158 1230 2199 qua
1266 2145 1384 2192 facile
1415 2145 1755 2186 Lacedaemonios
1794 2154 1836 2188 et
1873 2149 2045 2190 maxime
2068 2151 2305 2204 Agesilaum

730 2202 965 2244 offenderet.
1048 2201 1198 2244 Similis
1227 2209 1293 2245 est
1319 2203 1423 2244 ratio
1454 2202 1679 2244 Pausaniae
1705 2203 1836 2258 regis,
1885 2218 2005 2261 quem
2035 2213 2209 2263 propter.
2236 2222 2304 2250 res

729 2260 835 2301 male
865 2267 1007 2301 contra
1029 2259 1250 2303 Thebanos
1281 2268 1418 2314 gestas
1448 2261 1589 2316 capitis
1621 2260 1854 2302 damnatum
1885 2277 1975 2304 esse
2005 2264 2194 2319 perhibet
2219 2266 2302 2306 Xe·

730 2317 898 2372 nophon
932 2316 991 2369 (5,
1024 2316 1067 2370 5,
1099 2316 1211 2374 25),
1257 2334 1382 2374 quum
1413 2320 1584 2359 Aristot-
1616 2319 1737 2360 Polit.
1766 2317 1808 2372 5,
1842 2318 1879 2361 1.
1911 2336 2003 2361 eum
2033 2321 2209 2376 ephoros
2239 2338 2300 2363 re-

770 2469 808 2504 4)
850 2469 896 2498 Cf.
920 2469 1034 2499 Heeren
1059 2470 1126 2499 hist.
1148 2470 1264 2500 werke
1288 2471 1353 2501 Vll.
1377 2483 1406 2511 p.
1430 2471 1497 2501 22⁷
1519 2481 1563 2511 sq.

770 2528 804 2559 5)
845 2528 878 2561 5,
900 2527 933 2560 5,
958 2527 990 2556 ὅ.
1012 2529 1051 2558 cf.
1076 2529 1232 2557 VVachsm.
1259 2529 1293 2563 2,
1312 2529 1385 2558 232
1419 2530 1519 2558 llerm.
1543 2540 1571 2567 p.
1593 2529 1641 2557 ⁷7.
