<?xml version="1.0" encoding="UTF-8"?>
<!DOCTYPE html PUBLIC "-//W3C//DTD XHTML 1.0 Transitional//EN"
    "http://www.w3.org/TR/xhtml1/DTD/xhtml1-transitional.dtd">
<html xmlns="http://www.w3.org/1999/xhtml" xml:lang="en" lang="en">
 <head>
  <title>
</title>
<meta http-equiv="Content-Type" content="text/html;charset=utf-8" />
  <meta name='ocr-system' content='tesseract 3.04.00' />
  <meta name='ocr-capabilities' content='ocr_page ocr_carea ocr_par ocr_line ocrx_word'/>
</head>
<body>
  <div class='ocr_page' id='page_1' title='image "4763751_0012.png"; bbox 0 0 2626 3230; ppageno 0'>
   <div class='ocr_carea' id='block_1_1' title="bbox 1308 387 1601 426">
    <p class='ocr_par' dir='ltr' id='par_1_1' title="bbox 1308 387 1601 426">
     <span class='ocr_line' id='line_1_1' title="bbox 1308 387 1601 426; baseline -0.003 -10"><span class='ocrx_word' id='word_1_1' title='bbox 1308 387 1601 426; x_wconf 69' lang='lat' dir='ltr'><strong>-vl-</strong></span> 
     </span>
    </p>
   </div>
   <div class='ocr_carea' id='block_1_2' title="bbox 746 485 2237 749">
    <p class='ocr_par' dir='ltr' id='par_1_2' title="bbox 746 485 2237 749">
     <span class='ocr_line' id='line_1_2' title="bbox 756 485 2237 551; baseline -0.003 -11"><span class='ocrx_word' id='word_1_2' title='bbox 756 503 897 551; x_wconf 86' lang='lat' dir='ltr'><strong>plisque</strong></span> <span class='ocrx_word' id='word_1_3' title='bbox 920 511 990 538; x_wconf 91' lang='lat' dir='ltr'><strong>non</strong></span> <span class='ocrx_word' id='word_1_4' title='bbox 1015 500 1082 536; x_wconf 87' lang='lat' dir='ltr'><strong>nisi</strong></span> <span class='ocrx_word' id='word_1_5' title='bbox 1106 500 1199 546; x_wconf 80' lang='lat' dir='ltr'><strong>aptis</strong></span> <span class='ocrx_word' id='word_1_6' title='bbox 1225 504 1262 535; x_wconf 88' lang='lat' dir='ltr'><strong>et</strong></span> <span class='ocrx_word' id='word_1_7' title='bbox 1295 499 1485 535; x_wconf 83' lang='lat' dir='ltr'><strong>luculentis</strong></span> <span class='ocrx_word' id='word_1_8' title='bbox 1519 508 1610 535; x_wconf 85' lang='lat' dir='ltr'><strong>usus</strong></span> <span class='ocrx_word' id='word_1_9' title='bbox 1638 503 1717 548; x_wconf 86' lang='lat' dir='ltr'><strong>est,</strong></span> <span class='ocrx_word' id='word_1_10' title='bbox 1765 504 1803 536; x_wconf 86' lang='lat' dir='ltr'><strong>et</strong></span> <span class='ocrx_word' id='word_1_11' title='bbox 1835 485 1993 536; x_wconf 70' lang='lat' dir='ltr'><strong>sicsine</strong></span> <span class='ocrx_word' id='word_1_12' title='bbox 2026 499 2237 549; x_wconf 73' lang='lat' dir='ltr'>ambagibus</span> 
     </span>
     <span class='ocr_line' id='line_1_3' title="bbox 750 565 2236 616; baseline -0.001 -10"><span class='ocrx_word' id='word_1_13' title='bbox 750 570 798 606; x_wconf 81' lang='lat' dir='ltr'><strong>ad</strong></span> <span class='ocrx_word' id='word_1_14' title='bbox 819 570 989 616; x_wconf 86' lang='lat' dir='ltr'><strong>judicium</strong></span> <span class='ocrx_word' id='word_1_15' title='bbox 1015 566 1061 601; x_wconf 86' lang='lat' dir='ltr'><strong>de</strong></span> <span class='ocrx_word' id='word_1_16' title='bbox 1087 575 1226 601; x_wconf 84' lang='lat' dir='ltr'><strong>summa</strong></span> <span class='ocrx_word' id='word_1_17' title='bbox 1251 577 1291 601; x_wconf 84' lang='lat' dir='ltr'><strong>re</strong></span> <span class='ocrx_word' id='word_1_18' title='bbox 1321 565 1509 601; x_wconf 86' lang='lat' dir='ltr'><strong>ferendum</strong></span> <span class='ocrx_word' id='word_1_19' title='bbox 1535 566 1707 601; x_wconf 84' lang='lat' dir='ltr'><strong>lectorem</strong></span> <span class='ocrx_word' id='word_1_20' title='bbox 1731 565 1905 613; x_wconf 78' lang='lat' dir='ltr'><strong>perduxit.</strong></span> <span class='ocrx_word' id='word_1_21' title='bbox 1930 586 1977 592; x_wconf 92' lang='lat'>—</span> <span class='ocrx_word' id='word_1_22' title='bbox 1999 586 2047 592; x_wconf 98' lang='lat'><strong>—</strong></span> <span class='ocrx_word' id='word_1_23' title='bbox 2118 566 2236 604; x_wconf 75' lang='lat' dir='ltr'><strong>Etiam</strong></span> 
     </span>
     <span class='ocr_line' id='line_1_4' title="bbox 749 621 2236 684; baseline -0.002 -11"><span class='ocrx_word' id='word_1_24' title='bbox 749 633 1234 684; x_wconf 30' lang='lat' dir='ltr'><strong>componitioflsententiarum</strong></span> <span class='ocrx_word' id='word_1_25' title='bbox 1258 639 1296 670; x_wconf 90' lang='lat' dir='ltr'><strong>et</strong></span> <span class='ocrx_word' id='word_1_26' title='bbox 1321 633 1490 669; x_wconf 80' lang='lat' dir='ltr'><strong>orationis</strong></span> <span class='ocrx_word' id='word_1_27' title='bbox 1509 621 1605 669; x_wconf 87' lang='lat' dir='ltr'><strong>color</strong></span> <span class='ocrx_word' id='word_1_28' title='bbox 1626 634 1754 680; x_wconf 82' lang='lat' dir='ltr'><strong>prioris</strong></span> <span class='ocrx_word' id='word_1_29' title='bbox 1775 634 2080 670; x_wconf 69' lang='lat' dir='ltr'><strong>commentationis</strong></span> <span class='ocrx_word' id='word_1_30' title='bbox 2105 638 2236 670; x_wconf 80' lang='lat' dir='ltr'><strong>aucto-</strong></span> 
     </span>
     <span class='ocr_line' id='line_1_5' title="bbox 746 692 1779 749; baseline -0.002 -12"><span class='ocrx_word' id='word_1_31' title='bbox 746 714 820 738; x_wconf 83' lang='lat' dir='ltr'><strong>rem</strong></span> <span class='ocrx_word' id='word_1_32' title='bbox 845 692 1228 749; x_wconf 62' lang='lat' dir='ltr'><strong>magid&#39;exercitatum</strong></span> <span class='ocrx_word' id='word_1_33' title='bbox 1250 701 1286 736; x_wconf 90' lang='lat' dir='ltr'><strong>in</strong></span> <span class='ocrx_word' id='word_1_34' title='bbox 1311 701 1501 737; x_wconf 85' lang='lat' dir='ltr'><strong>scribendo</strong></span> <span class='ocrx_word' id='word_1_35' title='bbox 1530 700 1779 736; x_wconf 77' lang='lat' dir='ltr'><strong>demonstrant.</strong></span> 
     </span>
    </p>
   </div>
   <div class='ocr_carea' id='block_1_3' title="bbox 801 768 2235 825">
    <p class='ocr_par' dir='ltr' id='par_1_3' title="bbox 801 768 2235 825">
     <span class='ocr_line' id='line_1_6' title="bbox 801 768 2235 825; baseline -0.001 -14"><span class='ocrx_word' id='word_1_36' title='bbox 801 771 865 811; x_wconf 89' lang='lat' dir='ltr'><strong>lta</strong></span> <span class='ocrx_word' id='word_1_37' title='bbox 897 784 1026 825; x_wconf 79' lang='lat' dir='ltr'><strong>quum</strong></span> <span class='ocrx_word' id='word_1_38' title='bbox 1059 768 1175 812; x_wconf 84' lang='lat' dir='ltr'><strong>Ordo</strong></span> <span class='ocrx_word' id='word_1_39' title='bbox 1208 784 1338 811; x_wconf 88' lang='lat' dir='ltr'><strong>meam</strong></span> <span class='ocrx_word' id='word_1_40' title='bbox 1368 769 1694 810; x_wconf 84' lang='lat' dir='ltr'><strong>dissertationem</strong></span> <span class='ocrx_word' id='word_1_41' title='bbox 1733 769 1915 823; x_wconf 87' lang='lat' dir='ltr'><strong>praemio</strong></span> <span class='ocrx_word' id='word_1_42' title='bbox 1948 768 2112 822; x_wconf 82' lang='lat' dir='ltr'><strong>dignam</strong></span> <span class='ocrx_word' id='word_1_43' title='bbox 2141 782 2235 811; x_wconf 85' lang='lat' dir='ltr'><strong>cen-</strong></span> 
     </span>
    </p>
   </div>
   <div class='ocr_carea' id='block_1_4' title="bbox 647 841 2249 902">
    <p class='ocr_par' dir='ltr' id='par_1_4' title="bbox 647 841 2249 902">
     <span class='ocr_line' id='line_1_7' title="bbox 647 841 2249 902; baseline -0.001 -14"><span class='ocrx_word' id='word_1_44' title='bbox 647 849 825 899; x_wconf 85' lang='lat' dir='ltr'><strong>suisset,</strong></span> <span class='ocrx_word' id='word_1_45' title='bbox 887 847 1062 888; x_wconf 85' lang='lat' dir='ltr'><strong>laetatus</strong></span> <span class='ocrx_word' id='word_1_46' title='bbox 1107 846 1271 902; x_wconf 86' lang='lat' dir='ltr'><strong>quidem</strong></span> <span class='ocrx_word' id='word_1_47' title='bbox 1312 860 1556 900; x_wconf 79' lang='lat' dir='ltr'><strong>magnopere</strong></span> <span class='ocrx_word' id='word_1_48' title='bbox 1585 841 1764 900; x_wconf 78' lang='lat' dir='ltr'><strong>mihique</strong></span> <span class='ocrx_word' id='word_1_49' title='bbox 1800 846 2030 899; x_wconf 83' lang='lat' dir='ltr'><strong>gratulatus</strong></span> <span class='ocrx_word' id='word_1_50' title='bbox 2061 860 2152 886; x_wconf 88' lang='lat' dir='ltr'><strong>sum</strong></span> <span class='ocrx_word' id='word_1_51' title='bbox 2183 846 2249 889; x_wconf 80' lang='lat' dir='ltr'><strong>de&#39;</strong></span> 
     </span>
    </p>
   </div>
   <div class='ocr_carea' id='block_1_5' title="bbox 633 917 2233 1975">
    <p class='ocr_par' dir='ltr' id='par_1_5' title="bbox 633 917 2233 1975">
     <span class='ocr_line' id='line_1_8' title="bbox 645 917 2232 981; baseline 0 -16"><span class='ocrx_word' id='word_1_52' title='bbox 645 926 793 979; x_wconf 84' lang='lat' dir='ltr'>insigni</span> <span class='ocrx_word' id='word_1_53' title='bbox 817 917 1002 981; x_wconf 81' lang='lat' dir='ltr'><strong>judicum</strong></span> <span class='ocrx_word' id='word_1_54' title='bbox 1034 923 1306 976; x_wconf 84' lang='lat' dir='ltr'><strong>humanitate,</strong></span> <span class='ocrx_word' id='word_1_55' title='bbox 1356 935 1492 964; x_wconf 84' lang='lat' dir='ltr'><strong>verum</strong></span> <span class='ocrx_word' id='word_1_56' title='bbox 1522 934 1642 973; x_wconf 83' lang='lat' dir='ltr'><strong>aegre</strong></span> <span class='ocrx_word' id='word_1_57' title='bbox 1670 927 1806 962; x_wconf 84' lang='lat' dir='ltr'><strong>tamen</strong></span> <span class='ocrx_word' id='word_1_58' title='bbox 1835 923 1932 976; x_wconf 89' lang='lat' dir='ltr'><strong>tuli,</strong></span> <span class='ocrx_word' id='word_1_59' title='bbox 1979 923 2092 979; x_wconf 88' lang='lat' dir='ltr'><strong>quod</strong></span> <span class='ocrx_word' id='word_1_60' title='bbox 2123 938 2232 965; x_wconf 88' lang='lat' dir='ltr'><strong>com-</strong></span> 
     </span>
     <span class='ocr_line' id='line_1_9' title="bbox 644 984 2233 1055; baseline -0.002 -13"><span class='ocrx_word' id='word_1_61' title='bbox 644 984 951 1052; x_wconf 83' lang='lat' dir='ltr'><strong>mentationem,</strong></span> <span class='ocrx_word' id='word_1_62' title='bbox 982 1000 1034 1040; x_wconf 88' lang='lat' dir='ltr'><strong>ad</strong></span> <span class='ocrx_word' id='word_1_63' title='bbox 1067 1014 1190 1055; x_wconf 86' lang='lat' dir='ltr'><strong>quam</strong></span> <span class='ocrx_word' id='word_1_64' title='bbox 1225 996 1476 1041; x_wconf 76' lang='lat' dir='ltr'><strong>scribendam</strong></span> <span class='ocrx_word' id='word_1_65' title='bbox 1512 1012 1658 1051; x_wconf 82' lang='lat' dir='ltr'><strong>parum</strong></span> <span class='ocrx_word' id='word_1_66' title='bbox 1689 999 1761 1039; x_wconf 91' lang='lat' dir='ltr'><strong>otii</strong></span> <span class='ocrx_word' id='word_1_67' title='bbox 1789 1000 1935 1041; x_wconf 81' lang='lat' dir='ltr'><strong>afferre</strong></span> <span class='ocrx_word' id='word_1_68' title='bbox 1968 1000 2159 1052; x_wconf 82' lang='lat' dir='ltr'><strong>licuerat,</strong></span> <span class='ocrx_word' id='word_1_69' title='bbox 2191 1001 2233 1039; x_wconf 89' lang='lat' dir='ltr'><strong>in</strong></span> 
     </span>
     <span class='ocr_line' id='line_1_10' title="bbox 643 1071 2232 1133; baseline -0.001 -15"><span class='ocrx_word' id='word_1_70' title='bbox 643 1077 853 1133; x_wconf 88' lang='lat' dir='ltr'><strong>publicum</strong></span> <span class='ocrx_word' id='word_1_71' title='bbox 884 1076 1004 1118; x_wconf 86' lang='lat' dir='ltr'><strong>edere</strong></span> <span class='ocrx_word' id='word_1_72' title='bbox 1035 1091 1215 1131; x_wconf 84' lang='lat' dir='ltr'><strong>cogerer.</strong></span> <span class='ocrx_word' id='word_1_73' title='bbox 1302 1071 1385 1114; x_wconf 84' lang='lat' dir='ltr'><strong>Sed</strong></span> <span class='ocrx_word' id='word_1_74' title='bbox 1426 1074 1516 1128; x_wconf 85' lang='lat' dir='ltr'><strong>ipsa</strong></span> <span class='ocrx_word' id='word_1_75' title='bbox 1558 1073 1629 1114; x_wconf 88' lang='lat' dir='ltr'><strong>illa</strong></span> <span class='ocrx_word' id='word_1_76' title='bbox 1657 1073 1887 1117; x_wconf 89' lang='lat' dir='ltr'><strong>humanitas</strong></span> <span class='ocrx_word' id='word_1_77' title='bbox 1927 1076 2106 1119; x_wconf 77' lang='lat' dir='ltr'><strong>animum</strong></span> <span class='ocrx_word' id='word_1_78' title='bbox 2137 1075 2232 1117; x_wconf 90' lang='lat' dir='ltr'><strong>mihi</strong></span> 
     </span>
     <span class='ocr_line' id='line_1_11' title="bbox 635 1150 2229 1209; baseline -0.001 -14"><span class='ocrx_word' id='word_1_79' title='bbox 635 1162 683 1195; x_wconf 88' lang='lat' dir='ltr'><strong>·et</strong></span> <span class='ocrx_word' id='word_1_80' title='bbox 716 1169 831 1209; x_wconf 90' lang='lat' dir='ltr'><strong>spem</strong></span> <span class='ocrx_word' id='word_1_81' title='bbox 860 1154 980 1206; x_wconf 83' lang='lat' dir='ltr'><strong>facit,</strong></span> <span class='ocrx_word' id='word_1_82' title='bbox 1048 1154 1152 1195; x_wconf 90' lang='lat' dir='ltr'><strong>alios</strong></span> <span class='ocrx_word' id='word_1_83' title='bbox 1185 1165 1349 1207; x_wconf 86' lang='lat' dir='ltr'><strong>quoque</strong></span> <span class='ocrx_word' id='word_1_84' title='bbox 1378 1150 1428 1190; x_wconf 88' lang='lat' dir='ltr'><strong>de</strong></span> <span class='ocrx_word' id='word_1_85' title='bbox 1459 1151 1720 1193; x_wconf 85' lang='lat' dir='ltr'><strong>adolescente</strong></span> <span class='ocrx_word' id='word_1_86' title='bbox 1746 1152 2004 1208; x_wconf 86' lang='lat' dir='ltr'><strong>judicaturos</strong></span> <span class='ocrx_word' id='word_1_87' title='bbox 2039 1167 2128 1194; x_wconf 83' lang='lat' dir='ltr'><strong>esse</strong></span> <span class='ocrx_word' id='word_1_88' title='bbox 2159 1152 2229 1194; x_wconf 88' lang='lat' dir='ltr'><strong>be·</strong></span> 
     </span>
     <span class='ocr_line' id='line_1_12' title="bbox 643 1227 2230 1286; baseline -0.001 -15"><span class='ocrx_word' id='word_1_89' title='bbox 643 1231 921 1283; x_wconf 84' lang='lat' dir='ltr'><strong>nevolentius‚</strong></span> <span class='ocrx_word' id='word_1_90' title='bbox 970 1245 1093 1286; x_wconf 86' lang='lat' dir='ltr'><strong>quam</strong></span> <span class='ocrx_word' id='word_1_91' title='bbox 1121 1227 1363 1282; x_wconf 86' lang='lat' dir='ltr'><strong>scriptorem</strong></span> <span class='ocrx_word' id='word_1_92' title='bbox 1395 1241 1535 1268; x_wconf 90' lang='lat' dir='ltr'><strong>severe</strong></span> <span class='ocrx_word' id='word_1_93' title='bbox 1567 1229 1849 1283; x_wconf 70' lang='lat' dir='ltr'><strong>castigatum-os.</strong></span> <span class='ocrx_word' id='word_1_94' title='bbox 1909 1231 1986 1272; x_wconf 88' lang='lat' dir='ltr'><strong>Est</strong></span> <span class='ocrx_word' id='word_1_95' title='bbox 2015 1237 2151 1272; x_wconf 89' lang='lat' dir='ltr'><strong>autem</strong></span> <span class='ocrx_word' id='word_1_96' title='bbox 2180 1229 2230 1270; x_wconf 90' lang='lat' dir='ltr'><strong>il-</strong></span> 
     </span>
     <span class='ocr_line' id='line_1_13' title="bbox 642 1304 2229 1360; baseline 0 -15"><span class='ocrx_word' id='word_1_97' title='bbox 642 1308 712 1346; x_wconf 88' lang='lat' dir='ltr'><strong>lud</strong></span> <span class='ocrx_word' id='word_1_98' title='bbox 745 1314 1028 1360; x_wconf 83' lang='lat' dir='ltr'><strong>argumentum</strong></span> <span class='ocrx_word' id='word_1_99' title='bbox 1066 1311 1104 1344; x_wconf 85' lang='lat' dir='ltr'><strong>et</strong></span> <span class='ocrx_word' id='word_1_100' title='bbox 1134 1304 1305 1345; x_wconf 81' lang='lat' dir='ltr'><strong>antehac</strong></span> <span class='ocrx_word' id='word_1_101' title='bbox 1344 1318 1368 1343; x_wconf 89' lang='lat' dir='ltr'><strong>a</strong></span> <span class='ocrx_word' id='word_1_102' title='bbox 1399 1305 1497 1344; x_wconf 80' lang='lat' dir='ltr'><strong>viris</strong></span> <span class='ocrx_word' id='word_1_103' title='bbox 1539 1305 1785 1346; x_wconf 84' lang='lat' dir='ltr'><strong>doctissimis</strong></span> <span class='ocrx_word' id='word_1_104' title='bbox 1822 1307 2019 1360; x_wconf 82' lang='lat' dir='ltr'><strong>agitatum</strong></span> <span class='ocrx_word' id='word_1_105' title='bbox 2048 1314 2090 1347; x_wconf 88' lang='lat' dir='ltr'><strong>et</strong></span> <span class='ocrx_word' id='word_1_106' title='bbox 2121 1320 2229 1346; x_wconf 89' lang='lat' dir='ltr'><strong>nunc</strong></span> 
     </span>
     <span class='ocr_line' id='line_1_14' title="bbox 640 1363 2225 1437; baseline 0 -15"><span class='ocrx_word' id='word_1_107' title='bbox 640 1385 773 1437; x_wconf 87' lang='lat' dir='ltr'><strong>ipsum</strong></span> <span class='ocrx_word' id='word_1_108' title='bbox 805 1384 871 1422; x_wconf 86' lang='lat' dir='ltr'><strong>vel</strong></span> <span class='ocrx_word' id='word_1_109' title='bbox 901 1380 1123 1423; x_wconf 86' lang='lat' dir='ltr'><strong>studiosius</strong></span> <span class='ocrx_word' id='word_1_110' title='bbox 1151 1363 1372 1432; x_wconf 25' lang='lat' dir='ltr'><strong>agitatum*</strong></span> <span class='ocrx_word' id='word_1_111' title='bbox 1397 1386 1640 1435; x_wconf 84' lang='lat' dir='ltr'><strong>tantumque</strong></span> <span class='ocrx_word' id='word_1_112' title='bbox 1669 1380 1808 1434; x_wconf 84' lang='lat' dir='ltr'><strong>abest,</strong></span> <span class='ocrx_word' id='word_1_113' title='bbox 1839 1388 1887 1421; x_wconf 88' lang='lat' dir='ltr'><strong>ut</strong></span> <span class='ocrx_word' id='word_1_114' title='bbox 1918 1396 2007 1422; x_wconf 88' lang='lat' dir='ltr'><strong>mea</strong></span> <span class='ocrx_word' id='word_1_115' title='bbox 2038 1382 2225 1436; x_wconf 87' lang='lat' dir='ltr'><strong>scriptio·</strong></span> 
     </span>
     <span class='ocr_line' id='line_1_15' title="bbox 639 1456 2225 1514; baseline -0.001 -13"><span class='ocrx_word' id='word_1_116' title='bbox 639 1476 689 1501; x_wconf 88' lang='lat' dir='ltr'><strong>ne</strong></span> <span class='ocrx_word' id='word_1_117' title='bbox 718 1474 804 1501; x_wconf 86' lang='lat' dir='ltr'><strong>rem</strong></span> <span class='ocrx_word' id='word_1_118' title='bbox 834 1459 1076 1514; x_wconf 72' lang='lat' dir='ltr'><strong>profligasse</strong></span> <span class='ocrx_word' id='word_1_119' title='bbox 1105 1456 1272 1511; x_wconf 85' lang='lat' dir='ltr'><strong>opiner,</strong></span> <span class='ocrx_word' id='word_1_120' title='bbox 1303 1461 1350 1495; x_wconf 93' lang='lat' dir='ltr'><strong>ut</strong></span> <span class='ocrx_word' id='word_1_121' title='bbox 1382 1462 1597 1496; x_wconf 86' lang='lat' dir='ltr'><strong>contentus</strong></span> <span class='ocrx_word' id='word_1_122' title='bbox 1629 1457 1729 1509; x_wconf 85' lang='lat' dir='ltr'><strong>sim,</strong></span> <span class='ocrx_word' id='word_1_123' title='bbox 1764 1457 1799 1497; x_wconf 91' lang='lat' dir='ltr'><strong>si</strong></span> <span class='ocrx_word' id='word_1_124' title='bbox 1829 1457 2033 1500; x_wconf 84' lang='lat' dir='ltr'><strong>doctiores</strong></span> <span class='ocrx_word' id='word_1_125' title='bbox 2067 1472 2132 1499; x_wconf 86' lang='lat' dir='ltr'><strong>me</strong></span> <span class='ocrx_word' id='word_1_126' title='bbox 2164 1463 2225 1499; x_wconf 83' lang='lat' dir='ltr'><strong>at-</strong></span> 
     </span>
     <span class='ocr_line' id='line_1_16' title="bbox 638 1531 2224 1593; baseline 0 -15"><span class='ocrx_word' id='word_1_127' title='bbox 638 1552 720 1593; x_wconf 87' lang='lat' dir='ltr'><strong>que</strong></span> <span class='ocrx_word' id='word_1_128' title='bbox 756 1537 980 1591; x_wconf 67' lang='lat' dir='ltr'><strong>sagaciores</strong></span> <span class='ocrx_word' id='word_1_129' title='bbox 1021 1547 1106 1574; x_wconf 91' lang='lat' dir='ltr'><strong>non</strong></span> <span class='ocrx_word' id='word_1_130' title='bbox 1149 1533 1259 1573; x_wconf 91' lang='lat' dir='ltr'><strong>omni</strong></span> <span class='ocrx_word' id='word_1_131' title='bbox 1305 1531 1417 1572; x_wconf 87' lang='lat' dir='ltr'><strong>illam</strong></span> <span class='ocrx_word' id='word_1_132' title='bbox 1458 1532 1595 1574; x_wconf 84' lang='lat' dir='ltr'><strong>fructu</strong></span> <span class='ocrx_word' id='word_1_133' title='bbox 1637 1540 1677 1573; x_wconf 86' lang='lat' dir='ltr'><strong>et</strong></span> <span class='ocrx_word' id='word_1_134' title='bbox 1722 1535 1874 1577; x_wconf 88' lang='lat' dir='ltr'><strong>semine</strong></span> <span class='ocrx_word' id='word_1_135' title='bbox 1913 1550 2051 1577; x_wconf 86' lang='lat' dir='ltr'><strong>carere</strong></span> <span class='ocrx_word' id='word_1_136' title='bbox 2087 1536 2224 1578; x_wconf 82' lang='lat' dir='ltr'><strong>existi-</strong></span> 
     </span>
     <span class='ocr_line' id='line_1_17' title="bbox 635 1608 2224 1669; baseline -0.001 -14"><span class='ocrx_word' id='word_1_137' title='bbox 635 1621 758 1655; x_wconf 88' lang='lat' dir='ltr'><strong>ment.</strong></span> <span class='ocrx_word' id='word_1_138' title='bbox 832 1614 879 1654; x_wconf 90' lang='lat' dir='ltr'><strong>ln</strong></span> <span class='ocrx_word' id='word_1_139' title='bbox 909 1609 1202 1654; x_wconf 86' lang='lat' dir='ltr'><strong>conscribenda</strong></span> <span class='ocrx_word' id='word_1_140' title='bbox 1231 1608 1517 1651; x_wconf 86' lang='lat' dir='ltr'><strong>dissertatione</strong></span> <span class='ocrx_word' id='word_1_141' title='bbox 1547 1609 1805 1652; x_wconf 88' lang='lat' dir='ltr'><strong>vehementer</strong></span> <span class='ocrx_word' id='word_1_142' title='bbox 1835 1611 1980 1665; x_wconf 89' lang='lat' dir='ltr'><strong>doleo,</strong></span> <span class='ocrx_word' id='word_1_143' title='bbox 2022 1612 2135 1669; x_wconf 82' lang='lat' dir='ltr'><strong>quod</strong></span> <span class='ocrx_word' id='word_1_144' title='bbox 2164 1614 2224 1654; x_wconf 85' lang='lat' dir='ltr'><strong>uti</strong></span> 
     </span>
     <span class='ocr_line' id='line_1_18' title="bbox 634 1685 2223 1747; baseline 0.001 -16"><span class='ocrx_word' id='word_1_145' title='bbox 634 1692 816 1732; x_wconf 87' lang='lat' dir='ltr'><strong>nondum</strong></span> <span class='ocrx_word' id='word_1_146' title='bbox 846 1689 996 1730; x_wconf 85' lang='lat' dir='ltr'><strong>licebat</strong></span> <span class='ocrx_word' id='word_1_147' title='bbox 1026 1688 1224 1740; x_wconf 78' lang='lat' dir='ltr'><strong>Rruegeri</strong></span> <span class='ocrx_word' id='word_1_148' title='bbox 1257 1685 1336 1742; x_wconf 86' lang='lat' dir='ltr'><strong>(in:</strong></span> <span class='ocrx_word' id='word_1_149' title='bbox 1396 1686 1944 1743; x_wconf 81' lang='lat' dir='ltr'><strong>historisch-philologische</strong></span> <span class='ocrx_word' id='word_1_150' title='bbox 1970 1690 2146 1732; x_wconf 87' lang='lat' dir='ltr'><strong>Studien</strong></span> <span class='ocrx_word' id='word_1_151' title='bbox 2182 1707 2223 1747; x_wconf 88' lang='lat' dir='ltr'><strong>p.</strong></span> 
     </span>
     <span class='ocr_line' id='line_1_19' title="bbox 633 1764 2220 1820; baseline 0.001 -14"><span class='ocrx_word' id='word_1_152' title='bbox 633 1766 755 1820; x_wconf 69' lang='lat'><strong>254.)</strong></span> <span class='ocrx_word' id='word_1_153' title='bbox 798 1774 838 1806; x_wconf 86' lang='lat' dir='ltr'><strong>et</strong></span> <span class='ocrx_word' id='word_1_154' title='bbox 871 1765 981 1806; x_wconf 86' lang='lat' dir='ltr'><strong>Petri</strong></span> <span class='ocrx_word' id='word_1_155' title='bbox 1012 1765 1325 1818; x_wconf 81' lang='lat' dir='ltr'><strong>(commentatio</strong></span> <span class='ocrx_word' id='word_1_156' title='bbox 1363 1766 1449 1804; x_wconf 86' lang='lat' dir='ltr'><strong>crit.</strong></span> <span class='ocrx_word' id='word_1_157' title='bbox 1484 1765 1535 1805; x_wconf 92' lang='lat' dir='ltr'><strong>de</strong></span> <span class='ocrx_word' id='word_1_158' title='bbox 1566 1766 1671 1805; x_wconf 86' lang='lat' dir='ltr'><strong>Xen.</strong></span> <span class='ocrx_word' id='word_1_159' title='bbox 1706 1764 1833 1820; x_wconf 78' lang='lat' dir='ltr'><strong>nell.)</strong></span> <span class='ocrx_word' id='word_1_160' title='bbox 1874 1769 2220 1808; x_wconf 82' lang='lat' dir='ltr'><strong>commentationi-</strong></span> 
     </span>
     <span class='ocr_line' id='line_1_20' title="bbox 634 1840 2220 1897; baseline 0.002 -14"><span class='ocrx_word' id='word_1_161' title='bbox 634 1842 713 1883; x_wconf 83' lang='lat' dir='ltr'><strong>bus</strong></span> <span class='ocrx_word' id='word_1_162' title='bbox 743 1844 973 1897; x_wconf 87' lang='lat' dir='ltr'><strong>nuperrime</strong></span> <span class='ocrx_word' id='word_1_163' title='bbox 1006 1840 1238 1892; x_wconf 63' lang='lat' dir='ltr'><strong>editis3mil</strong></span> <span class='ocrx_word' id='word_1_164' title='bbox 1268 1842 1384 1893; x_wconf 87' lang='lat' dir='ltr'><strong>potui</strong></span> <span class='ocrx_word' id='word_1_165' title='bbox 1416 1842 1492 1881; x_wconf 88' lang='lat' dir='ltr'><strong>nisi</strong></span> <span class='ocrx_word' id='word_1_166' title='bbox 1520 1843 1562 1881; x_wconf 92' lang='lat' dir='ltr'><strong>in</strong></span> <span class='ocrx_word' id='word_1_167' title='bbox 1589 1841 1849 1885; x_wconf 81' lang='lat' dir='ltr'><strong>retractando</strong></span> <span class='ocrx_word' id='word_1_168' title='bbox 1880 1842 2023 1885; x_wconf 84' lang='lat' dir='ltr'><strong>libello</strong></span> <span class='ocrx_word' id='word_1_169' title='bbox 2052 1844 2220 1886; x_wconf 87' lang='lat' dir='ltr'><strong>laudare</strong></span> 
     </span>
     <span class='ocr_line' id='line_1_21' title="bbox 634 1901 2216 1975; baseline 0 -16"><span class='ocrx_word' id='word_1_170' title='bbox 634 1924 703 1960; x_wconf 82' lang='lat' dir='ltr'><strong>eos</strong></span> <span class='ocrx_word' id='word_1_171' title='bbox 733 1902 800 1960; x_wconf 49' lang='lat' dir='ltr'><strong>&#39;hie</strong></span> <span class='ocrx_word' id='word_1_172' title='bbox 831 1919 932 1969; x_wconf 87' lang='lat' dir='ltr'><strong>illic,</strong></span> <span class='ocrx_word' id='word_1_173' title='bbox 965 1931 1091 1971; x_wconf 88' lang='lat' dir='ltr'><strong>quum</strong></span> <span class='ocrx_word' id='word_1_174' title='bbox 1122 1913 1229 1968; x_wconf 81' lang='lat' dir='ltr'><strong>digni</strong></span> <span class='ocrx_word' id='word_1_175' title='bbox 1257 1916 1452 1967; x_wconf 87' lang='lat' dir='ltr'><strong>fuissent,</strong></span> <span class='ocrx_word' id='word_1_176' title='bbox 1495 1918 1566 1972; x_wconf 87' lang='lat' dir='ltr'><strong>qui</strong></span> <span class='ocrx_word' id='word_1_177' title='bbox 1599 1932 1698 1972; x_wconf 90' lang='lat' dir='ltr'><strong>prae</strong></span> <span class='ocrx_word' id='word_1_178' title='bbox 1729 1901 1873 1960; x_wconf 69' lang='lat' dir='ltr'><strong>ceteris</strong></span> <span class='ocrx_word' id='word_1_179' title='bbox 1904 1916 2216 1975; x_wconf 70' lang='lat' dir='ltr'><strong>respicerentur.</strong></span> 
     </span>
    </p>
   </div>
   <div class='ocr_carea' id='block_1_6' title="bbox 732 2050 1817 2100">
    <p class='ocr_par' dir='ltr' id='par_1_6' title="bbox 732 2050 1817 2100">
     <span class='ocr_line' id='line_1_22' title="bbox 732 2050 1817 2100; baseline 0.002 -11"><span class='ocrx_word' id='word_1_180' title='bbox 732 2053 844 2090; x_wconf 80' lang='lat' dir='ltr'><strong>Sorib.</strong></span> <span class='ocrx_word' id='word_1_181' title='bbox 869 2053 904 2087; x_wconf 91' lang='lat' dir='ltr'><strong>in</strong></span> <span class='ocrx_word' id='word_1_182' title='bbox 931 2050 1165 2098; x_wconf 80' lang='lat' dir='ltr'><strong>Paedagogio</strong></span> <span class='ocrx_word' id='word_1_183' title='bbox 1194 2050 1253 2085; x_wconf 83' lang='lat' dir='ltr'><strong>11f</strong></span> <span class='ocrx_word' id='word_1_184' title='bbox 1261 2050 1446 2086; x_wconf 88' lang='lat' dir='ltr'><strong>eldcnsi</strong></span> <span class='ocrx_word' id='word_1_185' title='bbox 1475 2050 1552 2088; x_wconf 84' lang='lat' dir='ltr'><strong>Cal.</strong></span> <span class='ocrx_word' id='word_1_186' title='bbox 1580 2053 1682 2100; x_wconf 85' lang='lat' dir='ltr'><strong>Sept.</strong></span> <span class='ocrx_word' id='word_1_187' title='bbox 1711 2052 1817 2091; x_wconf 73' lang='lat'><strong>183⁷.</strong></span> 
     </span>
    </p>
   </div>
  </div>
 </body>
</html>
