2626 3230
1296 320 1592 360 -8—

653 452 740 477 sem
786 450 878 477 eum
918 436 1044 475 fuisse
1081 443 1379 490 purumputum
1407 459 1467 468 ——
1496 439 1644 477 etenim
1690 452 1773 478 non
1817 444 1900 477 tam
1941 444 2027 477 erat
2068 435 2228 491 populi,

653 507 776 549 quam
811 493 1050 546 optimatum
1080 493 1233 532 amicus
1254 490 1310 548 ¹⁸)
1343 517 1416 545 —,
1447 494 1519 535 sed
1540 496 1739 535 Graecum
1770 508 1814 533 se
1846 509 1937 545 esse
1968 500 2058 535 toto
2092 494 2226 533 animo

652 551 801 599 sensit,
842 562 1079 605 quanquam
1112 555 1152 589 et
1184 549 1292 591 hunc
1322 565 1487 591 sensum
1517 565 1661 592 caecus
1691 550 1986 605 Spartanorum
2016 564 2130 591 amor
2158 548 2230 589 de-

650 608 826 660 primere
865 605 1029 647 valebat
1060 605 1129 661 (et.
1159 607 1266 647 inst-a
1295 606 1466 664 518).
1565 609 1785 648 »Graecum
1815 608 1993 648 Graecos
2036 606 2230 659 deligere,

651 663 969 705 Persasodisse
1005 664 1164 717 decet„
1233 664 1312 706 hoc
1349 672 1435 717 est,
1495 665 1605 720 quod
1641 666 1684 705 in
1713 665 1869 717 AgesiL
1902 679 2058 705 eneom.
2089 663 2141 718 (c.
2171 660 2231 717 7.)

652 721 874 777 praedicat.
953 723 1056 764 Cum
1088 722 1280 775 Agesilao
1321 729 1454 762 autem
1491 729 1679 778 exoptat,
1743 728 1789 763 ut
1818 723 2059 778 resipiscant
2090 720 2234 762 Graeci

653 787 695 820 et
740 780 907 821 internis
953 780 1167 820 discordiis
1216 781 1452 833 compositis
1492 780 1635 834 juncta
1684 795 1795 820 arma
1841 788 1983 822 contra
2028 777 2229 820 barbaros

650 838 786 878 terant
806 836 880 891 Ι9).
969 836 1095 877 Vides
1125 837 1166 876 in
1203 835 1265 877 his
1297 835 1786 889 Marathonomaehiotm,
1848 838 1899 880 de
1927 853 2011 893 qua
2037 837 2230 886 diximus,

649 893 841 933 indolem.
932 893 1031 934 Ideo
1079 894 1120 932 in
1158 893 1418 934 Callicratida
1453 895 1572 935 effert
1618 894 1889 935 harbarorum
1925 894 2133 948 fastidium
2144 891 2230 948 ¹³⁰),

649 951 740 992 ideo
769 950 1030 1004 Agesilaum,
1062 950 1202 993 eadem
1232 953 1470 992 sentientem
1489 950 1571 1008 Ἢ),
1604 953 1757 1009 majore
1788 953 1948 993 videtur
1980 967 2116 993 amore
2148 965 2231 991 am·

650 1009 798 1064 plexus
829 1023 931 1050 esse.
1003 1011 1090 1051 Cur
1119 1023 1216 1050 vero
1248 1011 1411 1051 omnino
1440 1009 1547 1052 hunc
1578 1018 1789 1066 tantopere
1820 1010 2086 1063 adamaverit,
2144 1009 2233 1063 ipse

650 1070 690 1105 in
723 1068 904 1106 encomio
938 1068 1118 1119 Agesilai
1149 1067 1301 1106 affatim
1332 1070 1523 1122 exponit,
1561 1076 1648 1109 erat
1678 1070 1763 1108 fere
1796 1070 1931 1108 vivum
1963 1067 2113 1108 ethices
2147 1067 2231 1106 Xe·

650 1123 909 1178 nopbonteae
941 1124 1159 1179 exemplar.
1246 1125 1381 1179 Ipsius
1420 1125 1546 1166 libelli
1574 1126 1789 1181 dispositio
1831 1125 1882 1165 ab
1917 1141 1964 1166 eo
1995 1125 2088 1165 inde
2119 1124 2228 1175 loco,

650 1180 723 1220 ubi
756 1183 925 1222 virtutes
954 1182 1135 1234 Agesilai
1165 1190 1448 1232 recensentur,
1511 1184 1561 1223 ad
1592 1185 1784 1223 amussim
1821 1183 2044 1237 respondet
2074 1182 2126 1222 de
2153 1181 2229 1222 So·

648 1246 759 1278 crate
790 1240 1085 1278 commentariis
1108 1237 1181 1293 Ἠ).
1241 1240 1336 1280 Non
1365 1241 1512 1279 mirum
1543 1242 1686 1292 igitur,
1739 1241 1848 1294 quod
1880 1240 2001 1280 talem
2031 1239 2232 1279 hominem

646 1294 836 1336 laudibus
868 1295 1015 1336 extulit
1046 1303 1106 1348 et,
1172 1310 1253 1351 qua
1285 1302 1371 1336 erat
1403 1296 1523 1337 animi
1552 1297 1808 1349 infirmitate,
1870 1296 2008 1338 eadem
2037 1311 2129 1337 cum
2159 1295 2230 1336 illo

648 1353 814 1402 dilexit,
843 1353 982 1391 eadem
1012 1353 1178 1402 oderat,
1213 1353 1340 1391 veluti
1371 1352 1618 1404 Thebanos,
1653 1354 1804 1408 quibus
1835 1354 2072 1405 Agesilaum
2102 1353 2229 1391 infen-

647 1425 737 1449 sum
770 1410 921 1460 fuisse,
971 1410 1060 1463 ipse
1089 1409 1241 1449 diserte
1270 1409 1366 1449 dicit
1388 1407 1470 1464 ³5);
1534 1418 1721 1451 occaecat
1750 1411 1853 1451 enim
1884 1425 2000 1450 amor
2033 1410 2097 1450 vel
2127 1412 2230 1464 opti-

644 1482 778 1519 mum,
834 1466 874 1505 id
906 1467 1017 1522 quod
1049 1467 1221 1506 maxime
1254 1465 1520 1520 Xenophonti
1554 1468 1736 1507 accidere
1765 1466 1963 1519 debebat,
2016 1483 2145 1522 quum
2176 1469 2230 1508 ita

645 1530 754 1564 esset
786 1531 930 1563 natura
966 1531 1248 1578 comparatus,
1306 1530 1352 1563 ut
1382 1538 1427 1564 se
1458 1531 1589 1565 totum
1620 1525 1670 1564 ad
1702 1525 1875 1565 aliorum
1906 1525 2158 1565 voluntatem
2191 1533 2231 1565 et

643 1582 848 1634 ingenium
879 1581 1115 1636 applicaret.
1146 1604 1206 1613 —
1293 1581 1396 1621 Rem
1428 1596 1525 1622 vcro
1557 1581 1769 1622 militarem
1801 1597 1947 1634 magno
1982 1582 2117 1623 studio
2147 1583 2229 1622 Xe·

645 1636 923 1692 nopbontem,
957 1637 1122 1694 qualem
1152 1637 1463 1692 descripsimus,
1495 1638 1684 1692 amplecti
1715 1638 1931 1690 debuisse,
1977 1654 2052 1694 per
2083 1654 2128 1680 se
2156 1654 2227 1695 pa-

646 1703 717 1737 tet.
779 1695 876 1735 Non
909 1696 1041 1736 minus
1074 1694 1233 1748 indole,
1266 1710 1387 1750 quam
1419 1696 1500 1735 vita
1532 1702 1604 1736 sua
1636 1696 1687 1737 ad
1717 1711 1805 1737 eam
1835 1695 2045 1746 ferebatur
2062 1689 2139 1751 24).
2171 1720 2229 1728 —

645 1755 742 1808 Ipse
782 1760 917 1793 autem
958 1753 1163 1805 ingenium
1202 1767 1323 1793 suum
1361 1753 1549 1808 apposite
1587 1754 1696 1796 hisee
1735 1754 1916 1810 depingit
1949 1750 2076 1810 (11611.
2106 1753 2151 1807 5,
2183 1753 2228 1806 4,

646 1809 757 1865 18.):
817 1812 921 1849 ὅπου
942 1812 1027 1859 γὰρ
1053 1812 1194 1857 ἄνδρες
1218 1812 1336 1849 θεοὺς
1360 1812 1430 1855 μὲν
1457 1813 1649 1857 σέβοιντο,
1704 1814 1757 1850 τὰ
1781 1814 1823 1850 δὲ
1847 1814 2037 1859 πολεμικὰ
2061 1815 2227 1855 ἀσκοῖεν,

644 1867 873 1908 πειθαρχεῖν
897 1863 942 1899 δὲ
961 1866 1170 1912 μελετῷεν,
1196 1867 1281 1909 εὼς
1304 1864 1377 1900 οὐκ
1394 1866 1523 1909 sinos,
1554 1866 1734 1903 ἐνταῦθα
1759 1867 1891 1902 πάντα
1917 1866 2037 1908 μεστὰ
2055 1867 2224 1902 ἐλπίδων

644 1913 820 1958 ἀγαθῶν
848 1907 964 1950 elram,-
991 1934 1039 1938 —

763 1963 878 2001 llaec
908 1960 1125 2002 hactenus!

667 2106 724 2140 18)
766 2105 961 2144 Bernhardy,
986 2105 1118 2135 Grundr.
1140 2105 1195 2134 der
1215 2105 1330 2145 griech.
1356 2107 1415 2134 Lit.
1441 2107 1467 2140 Ι,
1491 2117 1520 2145 p.
1542 2106 1593 2134 53.
1619 2108 1656 2135 cf.
1679 2108 1703 2145 ξ,
1725 2107 1755 2135 9.
1792 2144 1793 2147 ¹

668 2163 723 2197 ¹0)
765 2164 907 2192 Fortasse
934 2164 962 2192 h.
999 2165 1016 2191 1.
1045 2164 1120 2191 talia
1151 2164 1278 2202 protulit
1309 2164 1348 2191 ad
1380 2165 1548 2202 exemplum
1576 2164 1754 2204 panegyrici
1784 2166 1943 2199 lmen-atei,
1988 2178 2014 2195 a.
2036 2162 2149 2195 583-
2167 2167 2230 2194 573

764 2204 891 2269 script&
914 2204 953 2230 cf.
976 2202 1157 2249 [lalilmanni
1180 2204 1244 2230 viri
1268 2203 1349 2249 (Jlnr.
1372 2203 1746 2250 librun1:-Forsclnuugen
1769 2206 1824 2233 nus
1842 2206 1870 2233 (ἰ.
1893 2206 2001 2251 (iebiet
2023 2208 2051 2234 d.
2075 2206 2180 2235 Gcscb.
2208 2207 2228 2233 1,

764 2252 793 2279 p.
845 2242 868 2269 l.
909 2242 1045 2281 Agesxlm
1069 2252 1146 2270 cmm
1169 2252 1336 2270 encomium
1356 2248 1425 2281 post
1451 2254 1477 2270 a.
1503 2241 1573 2271 060
1595 2249 1795 2282 compositum
1819 2250 1876 2272 est:
1905 2246 1942 2273 cs.
1965 2246 1989 2280 ζ.
2012 2244 2041 2272 6.

670 2300 725 2333 20)
769 2300 846 2328 llcll.
874 2299 901 2332 l,
926 2298 959 2333 6,
981 2299 1009 2327 7.
1040 2299 1087 2327 ss.

668 2357 722 2389 21)
764 2358 852 2395 Agcs.
875 2367 988 2386 encom.
1009 2367 1033 2386 c.
1053 2357 1082 2385 7.
1124 2358 1203 2386 Plut.
1227 2359 1314 2397 Ages.
1337 2357 1388 2388 ¹8.

672 2413 731 2447 ‘2-2)
771 2414 817 2441 Cs-
838 2414 927 2441 modo
951 2415 1037 2443 initia
1059 2415 1193 2454 capitum
1216 2414 1249 2444 4.
1271 2415 1300 2444 δ.
1326 2415 1357 2444 6.
1379 2416 1406 2443 7.
1430 2416 1461 2445 8.
1484 2416 1516 2445 9.
1538 2427 1603 2445 cum
1627 2418 1870 2446 Memorabilium
1894 2419 2054 2455 capitibus.

668 2471 725 2505 25)
766 2471 845 2500 Hell.
868 2471 898 2503 ὅ.
921 2471 949 2504 ¹,
971 2471 1023 2499 55.

668 2528 728 2566 ⁶24)
772 2529 816 2557 Cf.
840 2529 969 2558 Creuzer
990 2528 1094 2558 histor.
1119 2531 1214 2559 Runst
1238 2532 1292 2560 der
1313 2531 1434 2564 Gricch.
1454 2542 1483 2571 p.
1506 2532 1573 2561 295
1595 2543 1658 2572 sqq,
