2626 3230
1359 282 1649 325 ...52-

714 406 879 463 quitur,
940 404 1024 444 imo
1061 400 1261 444 luxuriari
1299 400 1459 444 videtur
1498 414 1536 440 v.
1568 412 1601 441 c·
1639 398 1681 440 in
1719 398 1984 441 describenda
2020 403 2290 460 trepidatione

712 471 811 519 post
842 463 996 503 cladem
1024 459 1076 498 ad
1107 461 1438 515 Aegospotamos
1470 465 1674 513 acceptam
1695 458 1869 500 Athenis
1899 464 2077 509 exorta,
2105 462 2179 501 sed
2201 478 2291 503 non

711 522 812 562 satis
842 522 1057 559 accuratus
1090 522 1174 570 est,
1205 516 1278 558 uhi
1309 515 1516 574 quomodo
1546 515 1812 557 Athenienses
1844 524 1935 557 cum
1963 514 2290 559 Lacedaemoniis

709 578 760 617 de
792 589 894 630 pace
925 575 1199 627 transegerint
1228 582 1366 616 narrat
1399 574 1458 629 (2,
1488 572 1531 625 2,
1565 571 1620 623 11
1650 572 1775 630 sqq.).
1841 575 1904 615 De
1931 574 2155 615 factionum
2187 577 2292 616 enim

707 635 749 674 in
779 631 991 688 republica
1024 630 1256 674 conditione
1277 632 1383 672 *nihil
1411 631 1497 671 fere
1534 631 1576 670 in
1608 631 1783 672 medinm
1811 631 1984 687 profert.
2074 631 2219 687 Lysias
2251 632 2293 672 in

706 692 879 744 Agorat.
908 705 949 746 p.
971 687 1073 730 451.
1104 691 1146 729 in
1174 688 1382 729 Eratosth.
1413 703 1455 742 p.
1476 685 1576 726 427.
1609 690 1759 729 rectius
1788 689 1899 730 istud
1930 689 2110 743 exponit.
2170 689 2291 728 Patet

705 750 834 801 enim,
896 749 1056 800 legatos
1085 745 1392 787 Atheniensium
1424 744 1636 786 Sellasiam
1676 747 1889 801 profectos
1919 761 2003 788 non
2037 751 2128 787 esse
2156 760 2202 787 re
2230 747 2290 785 in-

705 806 813 848 fecta
844 804 896 845 ab
925 803 1103 860 Ephoris
1134 803 1351 856 remissos,
1408 800 1521 859 quod
1551 802 1786 859 Xenophon
1820 805 1934 856 vult,
1982 817 2124 845 verum
2152 803 2289 844 'condi-

704 864 837 905 tiones
866 863 979 917 pacis
1009 867 1246 916 reportasse
1278 876 1368 913 eas,
1418 874 1523 916 quas
1553 858 1710 916 §.15.,
1762 863 1963 904 nescimus
1993 861 2125 912 nude,
2177 875 2288 902 aece-

702 922 813 976 pisse
843 919 1116 961 Athenienses
1146 918 1349 960 dicuntur.
1407 919 1518 971 Has,
1565 925 1612 959 ut
1644 934 1666 960 e
1694 921 1819 978 Lysia
1849 923 1987 976 patet,
2019 918 2288 974 *Cleophonte

703 978 928 1031 demagogo
952 984 1129 1017 >auctore
1157 977 1448 1032 repudiarunt,
1493 975 1720 1032 eodemque
1751 985 1956 1028 auctore·,··
1982 974 2290 1035 puto,·?›§ydrero

704 1037 907 1083 ψήφισμα,
952 1035 1007 1080 μὴ
1034 1036 1180 1074 ἐξεῖναι
1202 1034 1293 1080 περὶ
1317 1035 1466 1073 τούτων
1491 1033 1842 1091 ξυμβουλεύεινῖ).
1897 1033 2147 1086 ,ΩΙη-Ξῖιᾱῑο
2179 1030 2287 1072 The-

704 1103 889 1130 ramenes
921 1099 1013 1129 cnm
1044 1089 1131 1128 aliis
1172 1089 1417 1140 quibusdam
1448 1089 1736 1142 democratiam
1774 1098 1954 1133 evertere
1971 1089 2150 1131 molinas
2181 1088 2287 1143 (Sie-

704 1161 796 1186 vers
828 1161 869 1197 p.
903 1142 963 1184 42
994 1141 1107 1197 sqq.)
1148 1142 1322 1196 ideoque
1350 1143 1601 1184 Lacedaemo
1633 1145 1763 1186 ’orum
1801 1148 1953 1188 atritilio
1982 1149 2066 1199 uti,
2093 1171 2096 1175 ·
2121 1151 2285 1187 'et-mu-
2317 1156 2321 1160 ·

700 1215 771 1241 ros
811 1201 983 1252 longos,
1043 1199 1197 1253 quippe
1238 1198 1512 1239 firmissimum
1540 1200 1574 1239 fl
1642 1204 1817 1244 ocratiae
1857 1204 2066 1256 colnmen,
2128 1199 2287 1242 destrui

699 1258 891 1312 cupiens,
955 1254 1100 1296 callide
1140 1261 1180 1294 ct
1224 1254 1380 1310 perfide
1421 1269 1495 1295 sua
1537 1257 1786 1312 reipublicae
1834 1260 1967 1301 officia
2017 1258 2283 1301 cffimendat.

697 1315 926 1355 Dimittitur
963 1327 987 1351 a
1025 1311 1192 1353 credulo
1232 1311 1390 1367 populo
1423 1315 1675 1367 Δπρεσβευτὴς
1712 1317 1984 1364 ὰύτοκράτωρ.
2066 1317 2159 1356 Jam
2208 1329 2284 1369 per

700 1372 789 1427 ejus
817 1371 968 1410 amicos
1001 1369 1061 1422 (in
1100 1384 1277 1423 quorum
1313 1382 1485 1409 numero
1517 1370 1710 1424 Satyrum
1730 1372 2042 1426 'Cephisiensem
2064 1372 2281 1413 vretulerim

698 1428 796 1483 Lys.
831 1433 962 1467 contr.
993 1426 1150 1465 Nicom.
1179 1440 1220 1478 p.
1249 1422 1371 1480 847.)
1403 1439 1426 1465 e
1454 1425 1586 1465 medio
1619 1426 1780 1467 tollitur
1809 1428 2038 1483 cleophon,
2068 1430 2182 1485 pacis
2211 1428 2280 1468 ad-

697 1483 902 1525 versarius
935 1486 1164 1537 perpetuus
1186 1480 1223 1536 ²)
1237 1509 1251 1532 ,
1303 1488 1343 1520 et
1376 1481 1627 1535 oligarc'hicis
1658 1482 1832 1526 istorum
1863 1486 2040 1530 consiliis
2069 1486 2280 1527 vehemen-

697 1548 758 1583 ter
789 1540 1004 1591 obnitens,
1037 1539 1166 1595 cujus'
1186 1544 1359 1580 mortem
1390 1539 1646 1582 incommodo
1677 1541 1772 1584 loco
1804 1540 1846 1596 1,
1863 1541 2004 1596 255.
2035 1544 2167 1597 tetigit
2195 1545 2279 1585 Xe-

696 1597 878 1653 nophon.
940 1596 1240 1646 Theramenes,
1289 1598 1485 1649 tempora'
1505 1600 1591 1649 sna,
1611 1601 1824 1653 opperitus
1857 1600 1990 1656 (quod
2018 1602 2109 1656 ipse
2138 1603 2279 1641 Xeno-

695 1655 810 1710 phon
839 1653 1025 1706 indigitat
1055 1650 1217 1707 516„
1251 1649 1490 1708 ceteroquin
1522 1652 1656 1695 vetata
1686 1657 1818 1696 omnia
1849 1657 2126 1714 relinquens),
2156 1673 2277 1714 quar-

696 1721 741 1754 to
771 1716 994 1767 postquam
1023 1709 1194 1761 Athenis
1227 1708 1470 1751 disce-serat
1499 1724 1639 1753 mense
1666 1712 1792 1754 redit:
1840 1722 2126 1771 commoratus*
2142 1723 2277 1757 autem

695 1778 781 1810 erat
813 1768 922 1822 apud
951 1768 1212 1822 Lysandrum
1242 1767 1465 1807 secundum
1496 1769 1837 1823 Xenophontem,
1884 1771 2209 1814 *Lacedaemone
2225 1786 2277 1813 ex

693 1826 841 1884 Lysiae
872 1824 1127 1876 narratione,
1188 1837 1271 1879 qua
1310 1824 1352 1863 in
1384 1838 1429 1865 re
1456 1824 1689 1882 Xenophon
1714 1827 1799 1869 ‘fide
1836 1827 1995 1882 dignior
2026 1837 2109 1882 est,
2173 1845 2276 1886 quo-

693 1886 800 1924 niam
839 1885 896 1922 ita
926 1881 1202 1922 Theramenes
1239 1882 1478 1935 opperiendi
1510 1890 1560 1924 vet
1599 1885 1836 1938 speculandi
1875 1888 2089 1928 consilium
2128 1889 2274 1929 melius

693 1940 842 1995 exequi
874 1944 1050 1992 poterat.
1107 1939 1201 1979 Jam
1229 1938 1337 1978 facili
1367 1939 1555 1993 negotio,
1586 1949 1633 1981 ut
1663 1942 1822 1995 legatus
1853 1943 2043 1999 Spartam
2072 1947 2270 1998 mittatur,

692 2000 882 2052 impetrat
909 1994 961 2034 ab
992 1993 1335 2045 AtheniensibuS,
1384 1996 1490 2037 fame
1508 1999 1688 2038 .vexatis.
1762 2000 1897 2041 Affert
1925 2002 2045 2055 pacis
2076 2003 2273 2044 conditio·

692 2069 786 2105 nes,
816 2050 1027 2107 prioribus
1056 2051 1187 2093 multo
1219 2051 1383 2107 pejores
1401 2050 1463 2104 5),
1492 2053 1611 2110 cujus
1643 2056 1701 2095 rei
1731 2057 1893 2110 culpam
1925 2057 2170 2101 Themmeni
2197 2060 2269 2100 im-

690 2117 809 2167 putat
837 2109 982 2166 Lysias
998 2106 1054 2166 ¹¹).
1132 2109 1260 2151 Recte
1283 2123 1351 2151 eas
1386 2109 1552 2153 exhibet
1579 2112 1835 2168 Xenophon,
1896 2115 1973 2156 nisi
1997 2116 2117 2171 -quod
2150 2132 2269 2159 unam

731 2295 763 2329 1)
804 2295 832 2330 §-
857 2292 904 2321 13.
929 2292 967 2321 es.
991 2292 1091 2320 Bremi
1113 2293 1152 2320 nd
1174 2293 1242 2330 Lys.
1264 2294 1294 2320 in
1315 2294 1440 2332 Agornt.
1461 2295 1481 2322 1.
1503 2296 1523 2323 1.

728 2352 765 2390 ²2)
806 2349 1118 2428 &cenez-pbgss‘isgqq.
1142 2349 1189 2379 45
1212 2360 1257 2390 oq.
1306 2351 1456 2383 Hermann
1479 2352 1531 2383 Gr.
1551 2353 1727 2387 sunamith.
1756 2366 1787 2396 p.
1807 2354 1885 2386 526.
1933 2342 2105 2388 Schneider.
2128 2358 2167 2385 ad
2190 2356 2263 2386 Xen-

726 2448 763 2484 5)
805 2448 851 2476 Cf.
871 2446 1010 2475 Schneid.
1032 2447 1081 2474 ad.
1102 2446 1133 2483 2,
1154 2446 1186 2483 2,
1207 2446 1259 2477 20.

729 2504 767 2541 ⁴)
806 2504 840 2532 In
860 2502 1010 2532 Eratosth.
1031 2502 1110 2532 423.
