2626 3230
983 219 1268 259 „21-

349 348 400 372 an
453 333 594 373 eodem
637 332 732 388 jure
771 333 1031 389 Ephororum
1078 335 1373 388 Spartanorum
1416 335 1586 376 indicem
1635 334 1743 375 Heli.
1785 332 1827 385 2,
1868 331 1913 384 5,

349 389 418 430 10.
448 390 772 443 interpolationis
811 394 974 432 nomine
1005 398 1238 446 suspectam
1268 394 1483 434 reddiderit
1501 392 1558 448 4).
1642 393 1695 432 Et
1725 405 1821 432 sane
1850 404 1915 430 ra-

345 448 475 488 tiones
522 448 641 488 affert
679 448 786 489 haud
831 449 1092 505 spernendas.
1182 453 1374 492 Attamen
1408 449 1693 493 discedendum
1733 463 1822 490 esse
1863 447 1914 488 ab

344 505 431 559 ejus
462 507 662 546 sententia
687 514 805 561 putat
832 508 1004 547 Sievers.
1034 507 1060 547 l.
1093 507 1120 546 l.
1152 522 1193 561 p.
1225 506 1284 559 7.,
1324 507 1422 548 haec
1450 510 1608 549 dicens:
1680 507 1744 546 »Si
1775 507 1914 546 Xeno-

341 562 456 616 phon
484 578 560 618 per
588 562 693 606 duos
722 566 886 620 priores
911 564 1063 618 libros,
1109 564 1181 606 ubi
1211 580 1409 606 annorum
1441 581 1491 607 ex
1519 567 1631 607 initio
1662 564 1761 607 belli
1792 563 1914 606 Pelo-

316 623 577 674 *ponnesiaci
607 625 830 664 numeratio
860 623 960 674 σιῷ
988 623 1103 662 firma
1132 630 1256 679 atque
1288 624 1500 663 commoda
1530 630 1640 676 erat,
1696 622 1913 664 chronolo-

343 678 408 728 gia
441 694 490 719 ex
517 678 693 733 Ephoris
731 679 854 722 dueta
884 685 984 720 usus
1018 687 1120 733 erat,
1179 696 1254 722 eur
1284 695 1370 722 eam
1406 678 1588 733 neglexit
1621 679 1913 737 ppssr'reliquos

343 735 494 788 libros,
555 736 627 776 ubi
663 737 779 779 nullo
820 738 1014 793 tmporis
1050 745 1281 792 momento,
1342 738 1451 780 unde
1479 751 1610 779 annos
1646 738 1913 792 winphtaret,

343 793 638 846 adjuvabatur?
725 795 870 849 Itaque
909 811 991 834 non
1031 796 1173 836 dubito
1202 797 1462 850 Ephororum
1501 811 1603 835 non2
1624 796 1754 834 minus
1795 809 1913 848 quam

342 848 596 891 Archontum
625 852 784 892 nomina
816 868 894 907 pro
926 853 1074 908 spuriis
1108 853 1289 895 habena«
1386 857 1443 894 At
1473 853 1550 894 hoc
1588 859 1826 905 argumento
1858 850 1914 890 nil

344 909 443 947 certi
480 907 648 962 probari
685 910 808 950 vides.
899 912 1044 952 Nonne
1074 912 1306 966 Xenophon
1346 905 1419 967 pei·
1456 913 1586 967 ipsam
1629 911 1914 963 negligentiam

345 965 546 1016 negligere
592 973 734 1019 postea
773 967 881 1006 illam
922 969 1226 1020 chronologiam
1272 970 1432 1023 potuit?
1523 969 1612 1023 Sed,
1645 969 1696 1008 cf.
1734 969 1831 1008 Rec.
1874 968 1913 1004 iu

343 1021 597 1075 Ephemerid.
631 1024 795 1064 ualens.
828 1023 955 1065 1854.
1000 1027 1072 1065 Nr.
1106 1024 1204 1066 148.

1141 1202 1180 1241 9.

813 1296 857 1322 De
879 1298 1002 1325 consilio
1025 1301 1053 1323 et
1082 1298 1182 1325 indole
1203 1298 1433 1324 Hellenicorum.

1072 1201 1110 1256 ΐζί.)

458 1387 673 1436 Quodnam
703 1387 912 1425 consilium
943 1387 1251 1439 Xenophontis,
1310 1402 1495 1441 quaeque
1525 1390 1682 1426 indoles
1717 1392 1758 1426 iu
1791 1391 1915 1427 histo-

342 1445 400 1483 ria
431 1445 584 1485 Graeca
614 1441 825 1483 scribenda
855 1442 998 1495 fuerit,
1032 1443 1266 1495 indigitasse
1296 1443 1483 1485 sufficiat.
1551 1444 1801 1499 credideris,
1843 1446 1916 1485 ini-

342 1504 398 1541 tio
429 1517 521 1542 eum
555 1502 605 1542 de
644 1500 812 1540 historia
851 1502 1068 1540 universali
1096 1500 1400 1545 ,conscribenda
1441 1503 1661 1554 cogitassc3
1720 1511 1916 1542 memorat

341 1560 446 1599 enim
484 1572 549 1598 res
589 1565 704 1599 extra
737 1558 944 1599 Graeciam
984 1557 1191 1612 propriam
1228 1565 1386 1610 gestas,
1447 1574 1552 1614 quae
1592 1560 1706 1599 nullo
1743 1561 1915 1600 arctiore

339 1616 499 1655 vinculo
533 1630 625 1655 cum
651 1617 744 1668 ipso
775 1629 899 1669 opere
930 1629 1006 1656 suo
1037 1615 1280 1667 cohaerent-2
1305 1616 1363 1656 sic
1394 1615 1445 1656 dc
1475 1616 1608 1656 Sicilia
1640 1623 1681 1656 et
1706 1616 1915 1668 Carthagi-

335 1673 544 1713 niensibus
576 1670 617 1723 1,
651 1669 691 1723 1,
726 1670 805 1711 sub
839 1672 906 1712 fin.
939 1670 980 1723 1,
1010 1670 1054 1724 5,
1085 1688 1119 1712 se
1144 1671 1170 1711 f,
1220 1669 1263 1723 2,
1294 1669 1337 1724 2,
1371 1687 1402 1713 s.
1434 1672 1462 1712 f.
1513 1671 1557 1725 2,
1587 1672 1633 1726 5,
1663 1671 1703 1713 5.
1734 1674 1785 1714 de
1817 1674 1913 1715 Per-

339 1731 396 1770 sia
432 1728 473 1782 1,
503 1727 547 1781 2,
579 1743 610 1769 s.
641 1729 709 1769 fin.
742 1727 783 1782 1,
814 1728 858 1782 4,
889 1728 920 1769 5
949 1745 1040 1784 sqq.
1079 1728 1121 1780 2,
1157 1728 1196 1780 1,
1227 1728 1266 1767 8.
1301 1729 1561 1784 (ubi-miram
1590 1732 1786 1772 inscitiam
1818 1747 1913 1786 pro-

338 1787 449 1843 bat),
480 1787 530 1827 de
557 1786 827 1841 Lycophrone
856 1786 1036 1826 Pheraeo
1068 1784 1111 1837 2,
1141 1785 1186 1838 5,
1216 1785 1257 1825 4.
1335 1785 1417 1826 Sed
1447 1801 1542 1827 mox
1573 1794 1660 1827 tum
1689 1789 1912 1829 destitisset

339 1860 359 1883 a
392 1850 539 1898 coepto
571 1858 645 1883 suo
669 1843 728 1898 ¹);
788 1843 1042 1883 verisimilius
1073 1849 1159 1895 est,
1207 1857 1299 1884 eum
1335 1842 1441 1897 talhf
1463 1843 1549 1899 jam
1578 1845 1753 1898 scriptae
1785 1845 1909 1885 histo—

338 1904 420 1942 riae
448 1902 666 1942 inseruisse
699 1899 768 1957 (ef.
798 1916 923 1956 supra
953 1900 993 1957 5
1008 1899 1088 1956 7.),
1122 1901 1180 1941 ita
1205 1907 1252 1941 ut
1283 1906 1429 1955 postea
1454 1900 1665 1941 historiam
1695 1916 1809 1943 suam
1839 1919 1909 1941 vo-

339 1960 465 2000 luisse
497 1960 825 2000 universaliorem
856 1959 1047 2011 reddere,
1082 1965 1123 1999 et
1152 1959 1194 1998 in
1222 1957 1301 1999 hoe
1331 1958 1501 1999 consilio
1534 1959 1770 2014 exequendo
1801 1976 1907 2000 moi·-

340 2025 381 2057 te
412 2031 637 2071 oppressus
677 2032 766 2058 esse
799 2017 993 2056 videatur.
1083 2019 1269 2071 Apparet
1307 2022 1461 2066 autem,
1524 2030 1615 2055 eum
1649 2016 1745 2055 nihil
1777 2019 1908 2057 minus

339 2090 459 2129 quam
490 2075 780 2128 pragmaticum
810 2075 1047 2128 scriptorem
1078 2089 1219 2127 agere,
1252 2072 1290 2112 h.
1323 2089 1355 2113 e.
1388 2087 1501 2122 eum,
1537 2074 1604 2126 qui
1638 2076 1906 2114 Ilarrati0n1·1n

334 2135 388 2172 ita
420 2132 675 2183 moderetur,
732 2137 778 2170 ut
807 2131 980 2171 lectores
1014 2131 1064 2170 ad
1097 2131 1351 2186 prudentiam
1390 2144 1524 2169 rerum
1553 2131 1821 2182 gerendarum
1848 2134 1905 2171 in-

336 2192 478 2230 stituat
509 2188 585 2242 (uti
617 2187 916 2243 Thucydides),
949 2189 1020 2229 sed
1051 2203 1186 2229 rerum
1218 2195 1424 2242 gestarum
1454 2194 1724 2239 narratorem,
1758 2190 1808 2228 ad
1837 2204 1903 2229 cu-

334 2249 403 2302 jus
444 2246 693 2286 narrationes
733 2245 884 2285 utiliter
924 2245 1226 2299 cognoscendas
1278 2245 1523 2300 pragmatico
1575 2246 1711 2298 potius
1753 2245 1904 2286 lectore

376 2446 412 2482 Ιι)
454 2446 535 2475 Fast.
558 2446 636 2475 Heu.
660 2457 688 2485 p.
712 2446 786 2475 275.
812 2447 846 2478 N.
871 2457 898 2477 n.
920 2447 978 2477 Sed
999 2449 1035 2479 cf.
1057 2449 1144 2478 Peter
1163 2450 1182 2479 l.
1206 2451 1225 2480 Ι.
1248 2461 1276 2491 p.
1298 2451 1340 2480 53
1361 2461 1422 2490 sqq-

376 2505 406 2540 ¹)
447 2504 571 2534 Sievers.
599 2516 627 2544 p.
649 2505 671 2533 6
695 2516 737 2543 sq.

348 2672 368 2694 θ
