2626 3230
625 324 643 338 ,
979 289 1268 331 —17—

336 402 447 466 mi-is,
508 399 579 441 ubi
609 401 753 445 iisdem
789 404 875 446 fere
908 412 1032 461 atque
1066 397 1176 462 apud
1208 406 1523 463 Xenophontem
1561 409 1698 452 verbis
1735 412 1905 466 legitur:

336 466 416 494 τοις
439 455 475 493 δ’
502 456 635 495 ἄλλοις
658 458 707 495 οὐ
730 463 1068 506 μνησικακοῦντες,
1119 462 1467 507 δημοκρατούμενοι
1497 467 1679 503 τολοιπόν
1702 470 1905 508 &menom-

334 519 457 545 τευον.
517 509 622 549 Utut
652 515 736 562 est„
779 511 1000 552 sustentari
1030 526 1112 551 non
1143 526 1267 566 posse
1300 514 1509 555 Niebuhrii
1538 524 1797 571 argumenta,
1842 531 1906 558 sa-

334 563 385 601 tis
417 572 521 619 puto
557 568 800 621 apparuerit.
888 568 1015 608 Nulla
1054 569 1178 622 igitur
1216 584 1338 611 causa
1369 578 1453 624 est,
1514 587 1588 614 cur
1621 573 1782 615 diversa
1821 575 1906 617 duo

335 633 461 674 opera
488 622 658 664 diversis
698 625 952 679 temporibus
982 627 1214 682 conscripta
1251 629 1518 683 accipiamus,
1578 632 1658 672 imo
1687 633 1820 672 omnia
1857 638 1907 673 ut

334 691 460 720 unum
490 682 724 722 continuum
754 697 859 737 opus
889 688 1116 726 statuamus
1146 684 1321 729 suadent
1352 685 1422 741 (cf.
1452 685 1636 739 Rriiger,
1684 687 1903 742 hist.·phi·

334 733 405 794 101.
434 736 553 778 Stud.
591 753 633 792 p.
662 737 794 793 264).
922 751 929 756 ·
1218 740 1220 743 ’

515 886 593 938 “⁴1-
1057 914 1099 973 ἕ.
1134 914 1176 957 c.

758 1008 804 1037 De
820 988 977 1049 tempore,
1009 1019 1070 1049 quo
1093 1011 1251 1040 Hellenica
1275 1012 1388 1051 scripta
1409 1013 1477 1040 sint.

444 1099 666 1144 Videamus
697 1119 825 1159 nunc,
892 1119 1072 1164 quonam
1102 1114 1286 1162 tempore
1316 1112 1357 1146 et
1389 1120 1471 1161 qua
1508 1107 1664 1148 ratione
1695 1106 1905 1147 Hellenica

331 1156 515 1198 confecta
561 1162 652 1201 sint.
740 1164 849 1206 Ante
889 1178 1096 1206 secessum
1134 1164 1419 1206 Scilluntinum
1458 1163 1720 1217 Xenophonti
1770 1176 1903 1217 neque

330 1215 457 1255 otium
488 1231 619 1273 neque
650 1219 829 1262 subsidia
859 1229 974 1262 erant
1003 1222 1053 1260 ad
1081 1224 1237 1278 primos
1268 1220 1411 1261 saltem
1440 1220 1631 1261 historiae
1651 1223 1826 1261 Graecae
1856 1220 1902 1258 li-

331 1270 430 1312 bros
469 1275 720 1317 scribendos.
809 1280 902 1319 Jam
951 1292 1047 1318 vero
1097 1294 1223 1335 quum
1262 1279 1350 1332 ipse
1381 1276 1426 1330 3,
1460 1277 1500 1330 1,
1534 1277 1573 1318 2.
1606 1277 1657 1317 ad
1690 1276 1902 1316 Anahasin

328 1329 504 1368 lectores
537 1331 722 1380 ableget,
783 1349 873 1371 eam
899 1336 1014 1384 prius
1044 1337 1273 1372 confectam
1303 1349 1394 1372 esse
1424 1342 1561 1384 patet3
1625 1336 1739 1387 atqui
1769 1334 1901 1372 [irue-

330 1398 414 1434 ger.
435 1381 472 1438 ι)
511 1385 615 1424 eirea
662 1387 753 1424 anni
783 1384 883 1425 572.
925 1393 1110 1440 tempora
1138 1386 1346 1426 Anabasin
1385 1390 1651 1441 compositam
1691 1403 1780 1427 esse
1820 1396 1903 1427 sta·

330 1442 429 1490 tuit,
472 1440 583 1495 quod
614 1442 647 1479 si
678 1444 900 1496 aeceperiS,
932 1443 1140 1483 Hellenica
1169 1444 1293 1497 paulo
1326 1450 1424 1496 post
1454 1444 1619 1483 condita
1650 1458 1764 1494 esse,
1808 1459 1904 1484 eon-

331 1503 568 1538 sentaneum
597 1498 715 1538 foret.
801 1500 960 1539 Etenim
990 1501 1206 1554 quominus
1238 1515 1376 1540 eorum
1407 1500 1701 1540 confectionem
1731 1501 1902 1540 ulterius

330 1556 451 1595 etiam
478 1555 760 1610 proferamus,
793 1556 835 1596 id
867 1562 976 1597 certe
1005 1557 1173 1612 impedit
1201 1557 1418 1610 locuspille
1449 1571 1472 1596 a
1504 1557 1727 1598 Niebuhrio
1760 1557 1901 1597 lauda-

334 1619 420 1652 tus:
479 1615 548 1653 καὶ
581 1616 636 1652 ἔτι
663 1619 737 1652 νῦν
759 1616 1024 1653 πολιτεύονται
1047 1631 1082 1653 κ.
1110 1628 1142 1654 τ.
1171 1618 1205 1654 λ.
1247 1615 1299 1654 cf.
1340 1629 1463 1668 supra
1501 1613 1542 1670 ξ.
1574 1613 1614 1655 5.
1702 1616 1903 1669 Inceperit

332 1670 456 1721 igitur
503 1669 685 1711 scribere
729 1670 962 1726 Xenophon
1010 1672 1116 1712 eirca
1166 1685 1317 1712 annum
1355 1670 1457 1712 570.
1502 1672 1588 1727 jam
1636 1679 1901 1726 septuagena·

331 1728 415 1766 rius
438 1725 503 1782 2);
560 1743 666 1767 anno
709 1736 844 1768 autem
880 1727 981 1768 569.
1011 1729 1076 1768 vel
1110 1735 1308 1782 sequente
1345 1729 1566 1768 secundum
1599 1730 1902 1769 Hellenieorum

331 1783 480 1824 librum'
509 1783 742 1826 absolverit.
799 1787 917 1825 Ttmc
946 1785 1107 1840 quidem
1128 1784 1394 1824 Athenienses
1426 1785 1570 1825 foedus
1600 1786 1779 1825 fecerant
1809 1801 1900 1825 eum

331 1842 654 1884 Lacedaemoniis
686 1850 726 1883 et
756 1843 1067 1897 Xenophontem
1097 1843 1219 1882 exilio
1250 1840 1530 1882 liberaverant.
1591 1844 1666 1882 Cui
1693 1843 1783 1882 inde
1815 1859 1897 1881 ma-

326 1900 396 1953 jor
423 1901 542 1940 etiam
572 1915 693 1940 causa
724 1901 914 1952 accessit,
948 1915 1022 1941 eur
1049 1900 1309 1954 popularium
1340 1901 1380 1938 in
1404 1899 1670 1955 jurejurando
1702 1900 1899 1939 servando

330 1957 473 2008 fidem,
532 1956 781 2013 Thrasybuli
809 1958 989 1998 facinora
1021 1957 1072 1996 al.
1102 1956 1375 2011 praedicaret,
1436 1955 1641 1996 Thebanis
1673 1963 1805 1998 autem
1835 1957 1899 1996 vel

330 2014 525 2055 infensior
554 2015 764 2067 evaderet,
817 2016 970 2071 quippe
1000 2020 1082 2055 tam
1114 2013 1544 2065 Lacedaemoniorum,
1594 2028 1716 2069 quam
1744 2015 1900 2068 patriae

331 2071 518 2112 hostibus
549 2073 764 2112 acerrimis.
821 2073 876 2113 Et
905 2073 1111 2128 putaveris
1145 2073 1253 2122 fere,
1292 2072 1421 2123 mala,
1451 2071 1601 2125 quibus
1631 2071 1897 2111 Athenienses

330 2145 352 2168 a
384 2129 707 2169 Lacedaemoniis
752 2129 885 2169 affecti
924 2135 1081 2180 essent,
1122 2127 1321 2168 ‘omisisse
1351 2127 1664 2181 Xenophontem
1691 2126 1761 2182 (cf.
1791 2129 1897 2167 inira

331 2186 370 2241 §-
405 2184 462 2225 ’15
491 2189 628 2240 sqq.),
678 2200 728 2225 ne
758 2186 1112 2226 reconciliatorum
1143 2184 1352 2224 amicitiam
1382 2183 1588 2236 turbaret,
1640 2186 1896 2239 praeteriisse

332 2246 470 2297 etiam,
530 2258 580 2284 ne
609 2242 876 2284 Athenienses
907 2243 1108 2294 laederet,
1165 2241 1345 2282 Socratis
1377 2247 1572 2293 mortem,
1634 2256 1756 2296 quam
1787 2249 1895 2282 certe

330 2304 473 2343 mirum
506 2308 568 2342 est
604 2315 654 2343 ne
679 2299 809 2342 vverbo
841 2301 1002 2357 quidem
1032 2300 1161 2354 tangi3
1217 2313 1309 2341 nam
1340 2299 1453 2356 quod
1481 2301 1611 2355 primo
1644 2298 1748 2340 libro
1779 2314 1893 2339 aecu-

373 2466 403 2501 l)
444 2466 487 2493 De
512 2465 664 2493 authentia
690 2469 718 2493 et
739 2466 903 2504 intcgritat.
924 2465 1051 2494 Anabas.
1073 2476 1102 2504 p.
1127 2464 1158 2492 4.

373 2524 409 2562 Ξ)
449 2524 538 2552 Diod.
557 2522 609 2556 15,
630 2521 683 2552 76.
705 2523 784 2554 ’Ξενο
813 2525 855 2552 ὧν
871 2521 889 2552 ὁ
910 2519 968 2558 τοὶς
988 2522 1127 2566 ἱστορίας
1145 2522 1406 2565 συγγραψάμενος
1420 2520 1641 2563 ἐσχατογήρως
1661 2517 1718 2550 ὧν·
1746 2522 1897 2559 μέμνηται

448 2560 507 2604 γάρ
529 2564 583 2597 τῆς
604 2560 783 2600 Ἐπαμινών
800 2565 844 2592 ὀυ
864 2560 1013 2597 τελευτῆς.

833 2614 838 2618 ’
1402 2619 1429 2634 -r

1400 2636 1430 2660 ι)
