2626 3230
1377 307 1434 315 ,-
1495 282 1668 323 ω-

735 406 933 439 memorat
964 398 1223 454 Thucydides
1256 397 1318 451 (5,
1354 396 1490 453 im),
1555 400 1712 437 Aetnae
1749 374 1983 452 eruptiones
2029 411 2112 436 non
2147 389 2197 436 ea
2239 409 2301 434 re·

734 456 901 496 ferenda
948 462 1033 506 est,
1096 455 1213 509 eujus
1260 455 1425 495 Diodor.
1471 454 1550 495 sub
1590 455 1655 495 Ol.
1684 453 1759 506 9⁶3
1790 453 1827 494 1.
1877 454 2117 493 mentionem
2165 451 2303 507 injicit.

736 512 841 552 Sunt
879 511 983 554 euim
1015 512 1250 566 eruptiones
1281 511 1375 552 illae
1405 503 1572 563 Ol.‘76‚
1600 509 1638 552 1.
1679 508 1756 563 80,
1790 509 1885 566 1.4)
1920 517 1960 551 et
1986 507 2059 562 88,
2090 507 2132 550 5.
2162 508 2304 549 factae.
2376 520 2381 523 ·

734 569 909 608 Mediam
939 569 1082 619 istam,
1125 584 1249 623 qnam
1279 576 1320 610 et
1351 569 1530 621 Scaliger
1556 568 1767 619 intelligit,
1814 569 2105 621 incompertam
2139 565 2302 620 Thucy-

733 624 817 663 didi
846 624 996 676 fuisse,
1046 632 1196 666 temere
1223 625 1431 666 contendit
1457 623 1656 664 D'odwell.
1722 620 1777 665 Et
1806 623 2012 677 quomodo
2043 622 2302 677 Thucydides

733 679 811 719 sub
852 696 960 722 anno
993 681 1103 722 ·belli
1136 683 1424 736 Peloponnesii
1462 688 1578 733 sexto
1617 680 1670 721 de
1706 678 1957 734 eruptione‚'
2002 685 2101 732 post
2138 679 2302 732 triginta

733 752 862 778 annos
892 739 1020 790 facta,
1050 745 1146 793 apte
1174 739 1353 779 scribere
1375 738 1577 792 potuisset
1605 739 1759 786 λέγεται
1782 737 2043 784 γεγενῆσθαιέ

851 797 1069 845 Quaeritur
1099 810 1229 846 nnnc,
1270 795 1477 849 quomodo
1507 801 1549 834 et
1580 793 1743 848 quando
1772 793 1938 833 relictos
1970 791 2220 848 Thucydidis
2251 792 2299 830 li-

733 850 831 891 bros
864 858 1105 891 consecutus
1138 853 1193 892 sit
1208 851 1466 905 Xenophon3
1495 850 1535 891 id
1555 851 1660 890 enim
1692 850 1809 901 scire,
1840 850 1975 901 magni
2004 850 2199 890 momenti
2222 856 2300 899 est,

731 914 777 946 ut
807 915 951 961 postea
981 908 1148 961 patebit.
1209 908 1454 948 Niebuhrius
1486 908 1532 961 (l.
1558 908 1585 946 l.
1615 922 1655 960 p.
1668 905 1787 961 467.)
1819 908 1973 960 primos
1999 906 2105 947 duos
2121 906 2301 947 Helleni-

732 978 871 1003 corum
909 963 1038 1004 libros
1079 965 1185 1004 intra
1225 964 1363 1004 decem
1409 964 1579 1004 millium
1624 963 1788 1003 illorum
1828 962 2003 1003 reditum
2048 969 2089 1003 ct
2123 963 2302 1015 Agesilai

731 1035 781 1060 cx
809 1021 909 1060 Asia
947 1021 989 1060 in
1020 1022 1224 1075 Europam
1263 1021 1557 1076 profectionem
1588 1017 1889 1075 (599—594.)
1927 1021 2181 1077 conscriptos
2213 1035 2302 1060 esse

732 1080 886 1117 statuit.
961 1078 1042 1117 Sed
1074 1079 1280 1132 quomodo
1310 1086 1396 1119 tum
1426 1078 1673 1126 innotuerint
1704 1076 1987 1130 Xenophonti,
2034 1078 2141 1133 (snos
2174 1080 2301 1116 conti-

732 1141 902 1187 nuaret,
950 1134 1200 1190 Thucydidis
1221 1134 1349 1175 'libi-i?
1418 1136 1472 1175 Et
1502 1149 1551 1175 eo
1582 1140 1765 1189 tempore
1796 1148 1846 1174 ne
1876 1135 2002 1173 otium
2034 1134 2195 1189 quidem
2223 1135 2302 1189 ipsi

730 1197 837 1242 erat,
870 1198 915 1231 ut
945 1192 1089 1231 studiis
1122 1192 1396 1244 incumberet,
1441 1192 1553 1248 quod
1580 1191 1665 1247 jam
1696 1197 1805 1232 recte
1835 1192 1992 1232 monuit
2021 1191 2220 1232 Dodwell.
2255 1193 2299 1245 (l.

728 1247 787 1301 1.).
849 1250 993 1303 Neque
1019 1250 1137 1289 etiam
1158 1249 1260 1299 ,inde
1292 1250 1512 1304 quidquam
1539 1249 1776 1302 proficitur,
1810 1248 1921 1303 quod
1952 1247 2149 1298 Niebfiffr.
2179 1248 2224 1303 (l.
2254 1250 2299 1302 l.)

727 1305 1042 1358 Xenophontem
1079 1312 1172 1345 ante
1210 1321 1389 1359 pugnam
1420 1306 1601 1346 Cnidiam
1633 1303 1769 1359 (594.)
1800 1305 1970 1345 Athenis
2009 1305 2301 1362 aliquantisper

726 1368 931 1402 versatum
967 1362 1094 1402 videri
1133 1363 1239 1402 dicit.
1320 1364 1414 1403 Hoc
1454 1363 1559 1402 enim
1589 1377 1672 1400 non
1702 1361 1854 1401 factum
1883 1377 1974 1402 esse
1996 1378 2079 1403 ·nec
2108 1364 2195 1403 fieri
2225 1381 2298 1418 pc-

726 1420 876 1468 tuisse‚
931 1433 1055 1472 supra
1086 1419 1257 1457 vidimus
1292 1418 1452 1473 (§.1.).
1512 1417 1711 1458 Dodwell.
1745 1432 1836 1457 cum
1866 1418 2020 1471 majore
2053 1420 2138 1460 veri
2166 1423 2299 1475 specie

726 1490 815 1515 eum
844 1475 1093 1529 Thucydidis
1123 1474 1251 1514 libros
1282 1490 1304 1513 a
1335 1476 1426 1514 filiis
1457 1476 1507 1514 ad
1537 1489 1583 1513 se
1611 1476 1652 1513 in
1683 1488 1888 1514 secessum
1914 1475 2200 1518 Scilluntinum
2231 1494 2297 1519 ve-

723 1530 926 1571 nientibus
967 1532 1172 1585 accepisse
1208 1532 1384 1587 conjicit.
1467 1530 1763 1586 At'quomodo
1798 1533 2028 1586 acceperint
2057 1549 2127 1575 eos
2160 1536 2297 1576 Xeno-

722 1588 887 1642 phontis
918 1588 1020 1627 filii?
1080 1602 1102 1626 a
1134 1589 1373 1639 Timotheo,
1437 1588 1684 1644 Thucydidis
1715 1588 1825 1640 filio,
1885 1595 2068 1631 autumat
2099 1592 2298 1634 Dodwelt.

723 1647 809 1686 Cur
840 1659 938 1685 vero
971 1644 1235 1698 Xenophonti
1266 1646 1522 1699 potissimum
1560 1660 1630 1685 eos
1658 1645 1890 1696 tradiderit,
1950 1662 2070 1701 quem
2100 1648 2298 1691 nihildum

722 1699 985 1741 historiarum
1016 1703 1231 1756 scripsisse
1271 1703 1360 1757 ipse
1390 1702 1588 1743 Dodwell.
1628 1703 1768 1758 ponit,
1815 1718 2015 1759 quemque
2047 1704 2295 1763 Thucydidis

723 1760 993 1800 familiaritate
1023 1775 1142 1799 usum
1171 1761 1322 1812 fuisse,
1353 1759 1453 1799 nihil
1477 1761 1674 1814 spondet,
1707 1762 1788 1801 imo
1819 1762 1924 1803 vitae
1948 1769 1988 1802 et
2018 1764 2167 1815 ingenii
2197 1769 2296 1806 utri-

720 1831 852 1871 usque
881 1817 1095 1856 diversitas
1133 1817 1362 1871 repugnat?
1392 1841 1451 1847 ——
1512 1823 1553 1857 et
1592 1817 1689 1872 quid
1732 1825 1817 1858 tum
1854 1818 1979 1859 verba
2014 1820 2104 1860 illa:
2160 1825 2298 1870 βιβλία

718 1875 984 1918 λανθάνοντα,
1035 1874 1253 1921 ὑφελέσθαι
1278 1876 1514 1920 δυνάμενοςῐ·
1602 1877 1752 1916 Mirum
1785 1890 1904 1928 vere,
1965 1891 2088 1932 quam
2127 1880 2298 1934 pulchre

720 1930 854 1969 omnia
884 1929 1120 1980 contingant
1149 1945 1199 1970 ex
1230 1930 1431 1972 Dodwelli
1474 1933 1650 1974 ratione:
1713 1934 1778 1978 Ol.
1809 1932 1896 1992 973¹-
1926 1937 2100 1976 moritur
2131 1937 2294 1995 Thucy-

720 1987 858 2037 dides,
921 1986 985 2025 Ol.
1016 1985 1089 2037 97,
1125 1986 1162 2026 1.
1193 1994 1343 2027 emtum
1374 1996 1436 2030 est
1466 1992 1674 2042 praedium
1705 1993 1774 2037 (cf.
1802 2006 1927 2045 supra
1958 1992 1997 2047 S.
2031 1992 2068 2032 1.
2106 1995 2156 2035 N.
2191 1995 2293 2048 16.J‚

721 2058 804 2097 quo
833 2043 942 2083 facto
973 2044 1162 2083 Dioscuri
1191 2044 1275 2095 illi,
1307 2045 1593 2100 Xenophontis
1625 2048 1719 2100 filii,
1761 2048 2001 2102 adveniunt,
2044 2050 2293 2109 Thucydidis

718 2100 874 2151 libros,
907 2115 1012 2155 quos
1046 2102 1165 2141 modo
1198 2105 1426 2156 acceperint
1459 2119 1624 2146 neeesse
1655 2112 1738 2157 est,
1779 2113 2002 2161 portantes.

833 2158 967 2198 Aliam
993 2160 1116 2211 igitur
1141 2160 1246 2200 viam
1267 2160 1515 2216 indagemus.
1564 2163 1821 2220 Thucydides
1841 2167 1998 2206 occisus
2023 2174 2110 2207 erat
2127 2168 2293 2223 Scapte-

718 2216 854 2267 sulae,
914 2230 996 2255 non
1034 2218 1075 2256 in
1114 2218 1263 2258 Attica.
1352 2220 1514 2262 Diserte
1550 2221 1655 2262 illud
1700 2222 1822 2264 tradit
1857 2222 1967 2265 Plut.
1999 2225 2173 2277 (Cimon.
2206 2226 2289 2277 4.);

716 2271 783 2306 καὶ
808 2272 1030 2329 τελςυτῆσαι
1059 2272 1130 2317 μὲν
1154 2274 1196 2309 ἐν
1226 2272 1280 2321 τῇ
1301 2275 1474 2322 Σκαπτῇ
1494 2277 1580 2324 ὕλη
1596 2279 1738 2322 Ι(τοῦτο
1773 2279 1808 2313 δ’
1835 2279 1910 2315 ἔστι
1936 2284 2002 2323 τῆς
2033 2279 2187 2328 Θρᾴκης
2211 2295 2287 2326 χω-

717 2320 820 2366 ρίον)
846 2321 1018 2366 λεγεται,
1054 2322 1256 2369 φονευθεὶς
1282 2323 1379 2360 ἐκὲῐ·
1424 2328 1559 2371 μνῆμα
1581 2326 1617 2361 δ’
1642 2324 1786 2372 αὐτοῦ,
1821 2328 1902 2363 τῶν
1925 2327 2119 2371 λειψάνων
2143 2331 2194 2366 εἰς
2219 2331 2287 2376 τὴν

756 2499 800 2536 4)
842 2501 886 2528 Cf.
910 2500 994 2529 Stob.
1015 2502 1107 2532 Serm.
1132 2506 1280 2535 Lxxvn.
1303 2508 1430 2538 Dorvill.
1453 2509 1512 2539 Sic.
1541 2519 1572 2549 p.
1594 2508 1669 2538 241.
1717 2511 1755 2541 cf.
1779 2510 1916 2551 Rrfiger,
1947 2511 2208 2556 Uutersuchungeu
2234 2516 2284 2547 sib.

835 2540 865 2568 d.
886 2540 986 2569 Leheu
1007 2542 1059 2570 des
1081 2544 1172 2573 Thuc.
1195 2557 1224 2583 p.
1244 2545 1299 2575 64.
