2626 3230
912 239 1207 280 ..5-

365 331 615 417 Xenophon,
648 356 827 395 exercitu
858 355 908 395 ad
930 353 1226 395 Thimbronem
1257 353 1299 393 in
1318 354 1458 394 Asiam
1487 354 1661 397 deducto
1681 356 1752 412 Η),
1784 375 1846 400 re-

276 414 371 466 bus,
403 415 509 471 quie
526 412 584 454 ibi
612 412 871 466 gerebantur,
905 412 1103 466 interfuit,
1135 419 1176 453 et
1198 411 1311 468 quod
1339 425 1523 466 magnam
1553 415 1593 454 in
1614 414 1701 470 ejus
1727 417 1849 457 vitam

277 474 517 541 οῐᾷιιιίιιιιιιιι
538 472 618 512 vim
637 471 864 524 exercebat,
889 470 1144 523 Agesilaum,
1172 469 1428 526 Dercyllidae
1455 486 1490 512 a.
1508 470 1609 514 596.
1631 475 1849 515 succeden-

278 536 380 583 tem,
417 530 611 584 cognovit
639 543 766 584 seque
799 535 935 569 totum
966 528 1003 568 ei
1029 528 1154 570 dedit.
1213 529 1317 569 cnm
1345 529 1537 582 Agesilao
1568 532 1608 571 in
1640 533 1857 579 Graecia&

276 558 501 700 ξὲιίἐῑίᾘιὲ
516 586 570 672 5³1.
597 585 718 642 594.)
753 587 848 628 exul
879 586 921 625 in
948 580 1344 654 *emonensi
1385 589 1579 640 pugnavit
1605 589 1671 629 vel
1707 598 1850 630 contra

537 642 590 699 5).
650 646 742 696 Quo
773 645 883 685 facto
974 630 1046 684 um
948 580 1292 696 *Agesilaus
1323 642 1512 698 Spartam
1543 645 1693 686 rediret
1723 647 1849 700 (Hell-

276 701 322 754 5,
334 702 366 743 5
397 717 432 744 s.
462 702 567 760 fin),
598 701 832 758 Xen’tphon
861 654 989 741 δεῇ-Γπ
992 707 1101 742 utem
1127 701 1344 753 Eleorum,
1376 714 1509 756 prope
1540 702 1769 759 Olympiam
1798 706 1849 744 si-

276 764 387 812 tum,
435 776 527 801 cum
532 702 735 801 >Philesia
763 773 894 800 uxore
924 766 964 798 et
993 758 1155 799 duobus
1186 759 1303 810 filiis,
1344 773 1450 813 quos
1479 760 1651 800 Athenis
1684 764 1849 802 arcessi·

276 817 386 859 visse
415 817 597 871 videtur,
628 817 818 872 migravit
838 814 923 873 ¹¹²),
954 815 1200 859 domicilium
1228 815 1285 857 ibi
1315 817 1609 859 collocaturus.
1670 822 1849 874 Accepe-

275 882 340 916 rat
369 883 503 917 autem
529 877 696 917 domum
725 882 766 917 et
797 889 939 928 agrum
969 889 992 914 a
1017 875 1344 916 Lacedaemoniis
1365 874 1439 929 13).
1498 876 1697 929 Pecunia,
1729 892 1851 933 quam

274 932 503 991 Megabyzo
531 933 684 989 Ephesi
713 933 951 979 servandam
990 933 1232 984 tradiderat,
1272 941 1433 987 recepta
1452 932 1511 988 ¹6)
1543 950 1670 990 quum
1701 938 1851 976 Dianae

276 992 472 1034 sacellum
501 991 750 1043 dedicasset,
801 991 889 1045 ipse
918 991 1006 1031 otio
1036 990 1142 1042 frui,
1191 991 1416 1042 venationi,
1479 991 1606 1032 literis
1638 1000 1678 1032 et
1714 994 1851 1032 amicis

277 1063 419 1091 vacare
454 1050 588 1105 eoepit
607 1046 677 1104 ¹⁷).
766 1049 853 1089 Nee
890 1046 1008 1088 facile
1046 1048 1386 1103 opportuniorem
1415 1048 1595 1090 historiis
1629 1050 1852 1091 scribendis

273 1108 411 1149 locum
439 1108 679 1160 invenisset3
740 1121 833 1146 nam
862 1112 1034 1161 propter
1064 1106 1278 1162 Olympiae
1311 1106 1552 1148 vicinitatem
1582 1107 1853 1164 undecunque

274 1181 322 1206 eo
354 1165 536 1207 homines
568 1165 853 1206 confluxerunt
869 1161 940 1219 ¹⁸)
999 1164 1180 1217 Agesilai
1206 1164 1498 1205 consuetudine
1528 1166 1588 1206 uti
1604 1164 1664 1221 ι9)
1698 1174 1737 1207 et
1767 1167 1852 1206 for—

275 1231 386 1264 tasse
418 1222 745 1278 expeditionibus
776 1236 943 1277 quoque
974 1223 1083 1274 regis
1114 1221 1304 1276 Spartani
1333 1222 1529 1262 interesse
1560 1238 1851 1279 nonnunquam

275 1282 477 1334 perrexit,
514 1281 636 1322 fuerit
668 1287 754 1319 tum
786 1282 827 1317 ἐν
852 1285 931 1317 τοῖς
956 1281 1043 1325 περὶ
1081 1282 1279 1324 δαμοσίαν
1293 1277 1376 1332 ²⁰),
1409 1280 1514 1320 inter
1541 1281 1648 1332 regis
1682 1283 1849 1321 comites

276 1346 316 1378 et
346 1337 673 1379 contubernales.
739 1336 860 1375 EtA
828 1334 999 1386 Agesilai
1032 1348 1158 1373 suasu
1188 1334 1293 1374 filios
1325 1350 1421 1375 suos
1453 1336 1642 1388 Spartam
1676 1338 1849 1377 educan-

276 1395 351 1434 dos
395 1395 504 1433 misit
519 1391 601 1447 Ἢ),
662 1391 780 1429 simili
820 1389 941 1428 modo
980 1387 1166 1429 Phocion
1204 1388 1333 1428 filium
1363 1390 1689 1432 Lacedaemoniis
1730 1394 1852 1432 tradi·

279 1453 338 1493 dit
350 1449 422 1506 Ὦ).
488 1450 575 1491 Elei
607 1464 734 1503 quum
766 1461 809 1486 se
841 1444 1048 1486 Thebanis
1081 1445 1384 1500 adjunxissent,
1427 1448 1467 1486 in
1494 1448 1731 1489 Scilluntem
1763 1466 1853 1489 cum

279 1509 459 1550 exercitu
498 1507 670 1564 profecti
709 1504 919 1561 praedium
956 1501 1243 1558 Xenophontis
1284 1511 1445 1545 vastant
1465 1503 1538 1561 25).
1629 1506 1852 1548 Pausanias

299 1692 350 1724 19)
391 1691 427 1719 Α.
449 1688 529 1719 599.
555 1689 595 1718 cf.
615 1687 755 1716 Schneid.
778 1687 818 1714 ad
839 1685 919 1714 nen.
945 1685 978 1720 5,
1003 1684 1036 1719 9,
1057 1685 1086 1713 ’1.

297 1749 352 1786 15)
392 1749 473 1778 Plut.
498 1748 587 1788 Ages.
608 1756 633 1776 e.
657 1744 709 1773 18.

295 1807 354 1843 14)
394 1807 516 1844 Rruger
535 1806 573 1832 de
593 1805 645 1831 vit
672 1803 746 1829 Xen.
767 1812 797 1838 p.
817 1801 868 1828 95.
892 1811 937 1837 sq.

299 1864 351 1902 15)
393 1855 911 1909 cr.1)iog.1..1.1.1‘aus.5‚6.
952 1857 999 1886 lta
1020 1857 1160 1887 videntur
1182 1862 1212 1886 et
1231 1856 1381 1887 bonor-re
1400 1858 1529 1886 voluisse
1551 1858 1796 1897 Xenophontem,
1821 1867 1851 1889 et

395 1902 544 1930 resarcire
575 1901 685 1927 damna
713 1907 729 1925 e
759 1897 845 1924 bouis
882 1897 1009 1924 fortusse
1036 1896 1162 1934 public
1146 1897 1203 1924 ntis
1234 1897 1262 1924 ei
1292 1900 1381 1929 nutu
1414 1897 1517 1923 soleba
1520 1901 1531 1924 t
1564 1870 1656 1925 enimp
1671 1896 1757 1935 φυγή
1785 1908 1851 1927 cum

398 1939 511 1979 ἀτιμίᾳ
529 1942 559 1968 et
580 1934 722 1976 δημεύσει
742 1935 901 1974 conjuncta
920 1943 983 1964 esne
1003 1934 1117 1972 (Meier
1136 1935 1175 1964 de
1194 1934 1264 1964 bon.
1286 1936 1386 1964 damn.
1411 1933 1599 1973 97-101.).

301 2000 356 2035 16)
396 1997 493 2027 Anah.
515 1996 556 2031 5,
584 1996 622 2030 5,
648 1994 672 2024 6
698 2004 764 2032 sqq.
793 1993 845 2022 01.
871 1991 942 2030 91,
970 1997 1004 2021 ut
1030 1996 1113 2021 reete
1143 1993 1291 2022 Dodwell.
1321 1993 1445 2029 (Annal.
1473 1993 1605 2031 Thucyd.
1627 2004 1657 2033 p.
1683 1992 1773 2028 55..)
1801 1996 1851 2032 qui

396 2046 457 2076 quo
479 2038 600 2066 auctore
622 2034 850 2072 Xenophontem
872 2032 999 2071 pecunia
1018 2032 1074 2061 ina
1094 2032 1254 2071 praetium
1278 2033 1383 2062 emisse
1406 2033 1508 2070 dicat,
1530 2034 1645 2072 ignoro.
1686 2032 1854 2072 xenophon

397 2072 896 2114 irpsecontariumdiiNJctssl)

302 2135 353 2169 17)
394 2133 536 2162 Dinarch.
560 2143 608 2170 a.p
631 2132 720 2169 Di.og
740 2131 759 2158 l.
784 2131 803 2158 l.

306 2191 360 2228 18)
402 2191 449 2219 Cf.
472 2190 594 2218 Clinton
614 2188 696 2216 Fan.
717 2187 798 2215 nell.
821 2187 868 2215 ed.
890 2186 985 2225 linig.
1007 2196 1037 2225 p.
1058 2185 1133 2214 451.

301 2248 356 2285 19)
398 2247 477 2277 Plut.
497 2248 586 2286 Aget.
607 2255 633 2275 c.
655 2244 712 2275 90.

299 2307 358 2343 90)
399 2305 480 2335 nen.
500 2303 540 2340 4,
564 2303 599 2338 5,
623 2301 655 2332 8.
694 2301 735 2337 4,
755 2301 791 2337 ’1,
812 2300 835 2331 4
857 2304 886 2330 et
906 2302 1001 2342 intpp.

301 2366 356 2402 91)
397 2364 477 2393 Plut.
497 2364 518 2392 l.
540 2363 561 2391 1.
580 2362 702 2391 Diocles
721 2371 771 2401 ⁸1²·
795 2361 886 2399 Diog.
910 2361 929 2388 1.
951 2361 970 2388 Ι.

303 2423 359 2460 99)
400 2422 480 2452 I'lut.
502 2421 594 2451 Phoc.
616 2430 642 2450 e.
664 2419 716 2449 90.

304 2481 364 2517 95)
398 2478 613 2547 31.ι10(ξ5,ἳ4.
634 2477 711 2508 565.
733 2478 892 2506 secundum
915 2476 953 2505 Ο.
976 2477 1098 2506 mulleri
1122 2477 1186 2506 viri
1208 2475 1289 2506 Clar.
1312 2475 1454 2507 Orchom.
1477 2487 1508 2516 p.
1533 2476 1623 2512 5753
1646 2478 1698 2506 alii
1725 2482 1854 2506 statuunt
