2626 3230
1375 266 1663 308 ...12—

736 382 828 428 dem
857 384 1026 426 haberet
1054 391 1176 439 atque
1206 390 1446 424 moreretur.
1504 384 1635 441 Atqui
1665 382 1781 422 intra‘
1800 381 1879 421 hoc
1908 389 2068 434 tempus
2093 390 2304 419 accurasse

738 458 831 484 eum
858 441 988 484 libros
1018 454 1117 482 suos
1146 447 1188 481 et
1217 446 1362 481 octavo
1401 441 1661 488 immortuum
1698 453 1809 490 esse,
1870 453 1922 478 ex
1951 434 2152 478 Dodwelli
2180 434 2302 475 ratio-

739 501 937 540 cinatione
964 503 1090 551 patet.
1173 492 1437 551 Soeptesulae
1466 498 1590 548 igitur
1618 509 1690 537 eos
1722 495 1909 536 exaravit·
1923 494 2062 548 ,idque
2091 490 2151 532 ne'
2168 491 2305 535 decem

739 554 904 611 quidem
930 552 1129 595 annorum
1170 555 1326 607 spatio,
1386 567 1512 608 quum
1543 552 1608 593 vel
1645 550 1854 592 duodecim
1885 564 2084 590 emiorum
2113 548 2304 602 spatium,

737 625 815 665 pro
854 611 1019 650 illorum
1059 617 1289 664 temporum
1319 609 1523 660 (maximo
1538 607 1806 663 Thucydidis)
1837 607 2036 656 ἀκριβείᾳ,
2090 605 2190 645 satis
2223 605 2306 644 exi·

738 681 866 719 guum
895 666 1047 718 fuisse,
1102 667 1323 706 rectissime
1351 664 1587 705 Dodwellus
1627 658 1828 704 observet.
1916 664 2061 702 Annos
2094 667 2230 700 nutem
2259 675 2309 699 nc

738 724 878 763 decem
910 723 1074 778 quidem
1104 722 1253 772 fuisse,
1292 721 1385 760 inde
1415 726 1551 775 patet,
1592 720 1706 775 quod
1736 717 1969 772 Xenophon
1998 717 2148 758 mortui
2177 716 2307 757 libros

740 781 896 833 accepit
935 780 1000 818 01.
1042 777 1115 829 96,
1145 777 1187 817 5.
1218 776 1379 829 (594),
1422 776 1494 815 ubi
1531 777 1813 831 Scaptesulam
1855 790 1946 816 cum
1984 774 2177 828 Agesilao
2214 787 2306 830 per-

740 837 861 876 venit.
930 835 1007 876 Illa
1047 835 1267 889 temporiS,
1318 834 1432 889 quod
1477 832 1670 875 historiae
1707 832 2022 874 conscribendae
2060 833 2308 881 insumserit,

741 892 937 945 exiguitas
971 906 1054 931 non
1093 898 1232 947 potest
1262 906 1346 933 non
1375 892 1646 947 suspicionem
1691 906 1874 943 movere,
1916 904 2025 932 nune
2047 891 2197 945 ‘ipsum
2242 889 2310 930 de-

742 951 911 991 cessisse
947 949 1228 1004 Thueydidem
1264 948 1317 999 8).
1404 949 1653 1002 Supervenit
1683 948 1919 1002 Xenophon
1968 955 2009 988 et
2058 947 2209 987 »libros
2250 948 2308 986 la-

742 1012 899 1056 tentes,
932 1020 1038 1060 quos
1068 1008 1332 1045 intervertere
1365 1012 1405 1045 et
1435 1006 1688 1060 supprimere
1717 1006 1966 1060 potuisset,«
2014 1018 2151 1044 seeum
2180 1004 2312 1043 aufert

745 1062 941 1104 editurus.
1030 1064 1217 1118 Namque
1247 1061 1518 1118 Thucydidis,
1570 1069 1725 1117 *utpote
1761 1064 1856 1102 civis
1890 1068 1930 1102 et
1965 1062 2077 1101 ducis
2109 1061 2313 1115 quondam

745 1119 1027 1170 Atheniensis,
1088 1120 1254 1160 domum
1281 1119 1385 1159 male
1414 1119 1591 1160 habitam
1621 1121 1784 1175 imoque
1818 1120 2017 1173 direptam
2050 1132 2139 1159 esse
2171 1117 2222 1157 ab
2255 1119 2313 1156 in-

746 1178 863 1216 fenso
893 1176 1071 1229 Agesilai
1102 1178 1303 1227 exercitu,
1367 1191 1449 1217 non
1479 1178 1640 1218 videtur
1671 1192 1692 1216 a
1724 1191 1821 1216 vero
1852 1176 2084 1215 abhorrere.
2174 1177 2314 1229 Atque

744 1233 786 1271 id
818 1234 859 1270 in
891 1247 1012 1272 eausa
1042 1233 1171 1272 fuisse
1199 1233 1354 1287 possit,
1382 1247 1455 1273 cur
1481 1233 1714 1288 Xenophon
1742 1232 1845 1273 illud
1863 1232 2042 1287 Agesilai
2069 1233 2168 1283 iter,
2202 1232 2313 1286 quod

742 1303 921 1328 mensem
953 1290 1124 1329 durasse
1162 1289 1260 1329 dicit
1275 1287 1339 1340 9),
1402 1304 1568 1330 narrare
1606 1290 1894 1343 supersederit.
1984 1290 2180 1343 Alioquin
2211 1290 2314 1327 enim

744 1360 828 1385 non
856 1345 973 1386 facile
1006 1346 1252 1401 quidquam,
1314 1346 1425 1398 quod
1454 1346 1688 1399 Agesilaum
1719 1347 1883 1396 attinet,
1942 1346 2102 1384 silentio
2135 1352 2314 1399 praeter-

746 1403 881 1442 mittit.

861 1458 1009 1499 Libros
1048 1460 1174 1510 igitur
1204 1457 1490 1513 Thucydideos
1523 1459 1760 1499 Scilluntem
1800 1474 1935 1499 seeum
1958 1460 2154 1514 „portavit
2195 1467 2318 1516 atque

747 1516 926 1568 vulgavit
957 1516 1024 1567 (ef.
1056 1516 1240 1568 Rriiger,
1290 1516 1453 1556 Unters.
1487 1515 1590 1556 iiber
1619 1515 1658 1556 d.
1689 1515 1789 1556 Leb.
1819 1517 1858 1556 d.
1890 1513 2019 1557 Thiae.
2059 1532 2099 1571 p.
2132 1515 2195 1558 80
2223 1520 2315 1572 sq.).

746 1574 839 1613 Jam
870 1588 968 1613 vero
998 1588 1089 1613 eum
1118 1588 1201 1613 non
1240 1573 1362 1613 modo
1397 1574 1568 1613 exaratis
1609 1573 1690 1612 illis
1728 1580 1842 1625 octo,
1906 1589 2047 1614 verum
2079 1575 2197 1615 etiam
2232 1575 2316 1615 col-

748 1630 855 1670 lecta
886 1631 1081 1683 aliorum,
1123 1643 1229 1685 quos
1255 1629 1514 1686 Thucydides
1545 1631 1773 1685 scripturus
1802 1638 1909 1683 erat,
1949 1633 2113 1671 materia
2142 1633 2317 1686 potitum

751 1702 864 1739 esse,
917 1688 1034 1727 facile
1065 1688 1295 1740 suspiceris.
1383 1689 1441 1726 Ea
1470 1688 1592 1740 igitur
1622 1702 1722 1727 usus
1761 1689 1883 1727 fuerit
1911 1689 1953 1726 in
1983 1689 2122 1742 primis
2153 1689 2317 1729 duobus

751 1743 1053 1785 Hellenicorum
1084 1743 1197 1784 libris
1228 1743 1473 1796 scribendis,
1525 1759 1606 1799 qua
1638 1759 1684 1785 re
1714 1752 1909 1800 quantum
1940 1746 2033 1786 fidei
2061 1746 2108 1785 iis
2141 1747 2319 1798 accedat,

750 1815 833 1840 non
866 1807 929 1841 est
960 1801 1070 1856 quod
1094 1815 1290 1841 moneam.
1350 1801 1430 1841 Sed
1463 1816 1589 1856 quum
1621 1801 1881 1858 Thucydides
1909 1801 1969 1855 (5,
1995 1801 2107 1854 26⁴),
2141 1818 2186 1844 se
2217 1805 2322 1846 velle

751 1857 959 1898 historiam
990 1859 1122 1913 usque
1163 1858 1213 1897 ad
1248 1859 1458 1899 Piraeeum
1489 1866 1529 1899 et
1565 1858 1714 1912 longos
1756 1874 1898 1900 muros
1930 1867 2151 1915 occupatos
2181 1876 2319 1916 perse-

754 1916 982 1982 qui-dicat,
1043 1917 1228 1956 materies
1273 1916 1361 1971 ejus
1393 1917 1501 1957 Heu.
1533 1915 1577 1969 2,
1610 1915 1650 1957 2.
1689 1917 1954 1973 Xenophonti
1996 1926 2214 1973 suppetere
2250 1920 2318 1961 de-

754 1979 866 2013 sierit
895 1987 1060 2014 necesse
1089 1979 1163 2013 est.

798 2153 834 2191 8)
874 2153 1014 2182 Fortasse
1033 2155 1079 2182 vel
1101 2154 1141 2182 uh
1163 2155 1237 2192 ipsis
1256 2155 1390 2193 Agesilai
1410 2155 1559 2184 militibus
1578 2156 1786 2189 intersectum,
1831 2156 1978 2195 conjicere
1999 2159 2104 2195 possis.
2156 2158 2214 2186 Sed
2236 2161 2317 2189 nolu—

873 2202 939 2219 mus
961 2194 1023 2220 tine
1042 2194 1227 2232 gravissimis
1246 2193 1414 2221 rationum
1433 2198 1548 2222 tantum
1570 2195 1815 2223 lacedaemonii·
1834 2196 1946 2224 crimen
1969 2196 2107 2225 conflare.

797 2247 839 2287 9)
879 2250 1000 2280 Encom.
1019 2252 1106 2292 Ages.
1127 2250 1157 2286 2,
1182 2250 1209 2281 1.
1250 2251 1289 2282 cf·
1312 2251 1400 2287 Corn.
1420 2252 1494 2293 Nep.
1519 2250 1611 2293 Ages.
1631 2252 1664 2283 4.
