2626 3230
1382 255 1438 262 -
1499 231 1559 273 20
1620 256 1677 262 ..-

740 358 836 390 runt
870 355 1158 403 excerptorum
1187 347 1359 388 {ormam
1387 345 1456 402 (ef.
1486 348 1590 388 infra
1620 347 1660 403 §-
1691 346 1764 404 9,).
1823 349 1926 389 Utut
1956 337 2033 389 lioc
2063 355 2147 400 est,
2187 349 2311 403 pluri-

739 423 851 448 mum
883 406 961 446 sibi
993 407 1072 460 ipsi
1109 404 1249 445 debuit
1277 405 1522 459 Xenophon.
1609 407 1798 447 Ceterum
1826 407 1868 445 in
1899 415 1984 448 arte
2012 406 2204 447 historica
2233 408 2313 447 He-

737 465 930 507 todotum
959 463 1087 515 magis
1119 476 1242 516 quam
1262 462 1540 518 Thucydidem
1572 472 1734 504 secutus
1767 477 1857 504 esse
1886 464 2055 504 videtur.
2106 460 2192 505 ‘Hie
2220 464 2334 505 licet-

739 520 995 562 Herodotum
1034 520 1216 559 nondum
1257 522 1417 561 noverit
1449 518 1693 574 (Dahlmann
1723 521 1750 559 l.
1780 521 1807 559 l.
1844 535 1886 573 p.
1916 519 2003 560 216
2033 520 2167 575 sqq.)‚
2230 523 2312 561 Xe-

735 576 1106 675 Ef’i'e'fflssefflin
1127 578 1565 687 flssssssmwflssssssfloifflff
1583 577 1768 674 νῗὲἓὶῗῗ
1772 577 1993 685 ῒωρῗᾷῗ,
2008 576 2228 689 ¹¹33}ssss
2229 579 2314 689 ’1133

736 691 888 731 Xerxis
920 691 997 731 iter
1029 697 1215 732 accurate
1253 696 1457 731 narrasset
1485 690 1554 743 (ef.
1584 704 1708 744 supra
1733 689 1773 745 §-
1802 688 1886 745 5.);
1944 697 2032 730 tum
2062 706 2159 731 vero
2191 692 2309 732 etiam

735 762 803 788 res
836 763 858 787 a
884 748 1116 804 Dercyllida
1157 755 1293 799 gestas
1323 747 1578 801 simplicitate
1616 762 1711 788 vere
1742 747 1978 788 Herodotea
2007 748 2133 788 refert
2148 745 2231 802 ⁶),‘
2274 756 2312 793 et

732 807 937 859 jucunda,
1001 819 1121 858 quam
1150 804 1202 843 de
1232 806 1369 844 Mania
1399 811 1537 844 narrat
1570 804 1737 844 historia
1769 805 1936 845 eandem
1967 807 2094 859 spirat
2123 806 2311 847 indolem.

738 862 914 901 Omnino
954 863 1058 901 enim
1097 874 1180 900 non
1225 867 1360 913 tanto,
1420 866 1575 916 quanto
1607 861 1867 918 Thucydides
1909 862 2043 904 studio
2089 863 2309 913 civitatum,

736 919 808 958 sed
840 919 1096 972 singulorum
1125 920 1262 973 potius
1294 919 1503 961 hominum
1531 920 1615 961 fata
1639 921 1897 975 amplectitur
1928 935 2041 962 more
2054 920 2309 970 ,Herodoteo-

1468 1097 1507 1151 g.
1543 1084 1597 1136 8ss

1270 1190 1315 1218 De
1342 1190 1538 1229 chronologia
1563 1190 1777 1230 Xenophontis.

850 1286 982 1324 Pauca
1020 1299 1254 1325 moneamus
1289 1284 1340 1325 de
1370 1284 1633 1337 chronologia
1666 1286 1960 1340 Xenophontis.
2052 1287 2310 1341 Thucydides

735 1357 860 1396 quum
895 1343 1048 1380 bellum
1083 1342 1355 1391 describeret,
1388 1357 1453 1380 res
1486 1350 1621 1391 gestas
1656 1357 1821 1380 annuas·
1841 1358 1914 1395 per
1946 1350 2206 1396 tempestates
2239 1357 2307 1380 an-

736 1401 778 1437 ni
817 1398 1093 1452 disponendas
1134 1413 1224 1438 esse
1256 1398 1431 1448 censuit3
1491 1398 1637 1437 etenim
1668 1413 1762 1437 vere
1793 1406 1832 1437 et
1865 1405 2017 1438 aestate
2056 1401 2308 1452 potissimum

732 1462 965 1509 pugnatur,
1030 1459 1246 1492 auctumno
1287 1459 1327 1491 et
1364 1451 1493 1491 hieme
1524 1453 1621 1491 novi
1658 1460 1879 1507 apparatus
1919 1460 1959 1492 et
1997 1469 2101 1494 nova
2142 1455 2307 1496 consilia

733 1511 1015 1566 expediuntur.
1104 1510 1320 1550 Praeterea
1353 1515 1486 1549 autem
1525 1524 1671 1563 parum
1710 1518 1938 1550 accuratam
1967 1512 2058 1552 sore
2087 1513 2308 1564 historiam,

732 1583 837 1624 quac
868 1568 918 1608 ad
949 1568 1211 1620 magistratus
1243 1567 1389 1606 luisset
1419 1566 1741 1619 accommodata,
1807 1568 2046 1609 existimavit
2069 1568 2118 1624 ¹).
2203 1570 2307 1611 Eum

733 1634 774 1665 ct
805 1627 845 1663 in
882 1625 993 1663 hisce
1024 1631 1190 1662 secutus
1223 1622 1459 1676 Xenophon
1500 1623 1667 1662 eandem
1706 1626 1900 1676 temporis
1938 1626 2175 1678 designandi
2205 1629 2309 1666 viam

733 1683 839 1732 iniit,
885 1682 927 1720 in
958 1696 1040 1736 qua
1073 1681 1225 1720 utinam
1259 1680 1485 1720 accuratius
1517 1679 1784 1733 perstitisset!
1844 1681 1948 1721 Nam
1978 1696 2060 1722 non
2092 1684 2190 1723 satis
2221 1683 2309 1723 ubi-

735 1754 815 1794 que
848 1753 976 1777 annos
1007 1739 1191 1777 diversos
1231 1743 1329 1776 nota
1359 1737 1489 1786 veris,
1541 1738 1716 1785 ,aestatis
1755 1736 1946 1780 hiemisve
1975 1738 2178 1793 distinxit,
2238 1741 2309 1781 sed

733 1811 811 1835 una
844 1796 1116 1849 continuaque
1145 1794 1376 1833 narratione
1407 1792 1531 1833 veluti
1564 1793 1771 1846 confudit,
1804 1810 1910 1849 quos
1941 1796 2085 1838 deinde
2109 1791 2309 1839 Dodwelli

730 1854 934 1905 ingenium
967 1858 1178 1906 separatos
1212 1846 1458 1905 explanavit.
1551 1852 1657 1890 Tum
1689 1852 1808 1891 etiam
1846 1853 1888 1891 in
1918 1856 2149 1906 posteriore
2178 1855 2307 1895 histo-

730 1913 883 1950 riarum
913 1915 1030 1964 parte
1070 1909 1385 1949 numerationem
1429 1908 1563 1948 omisit
1594 1923 1813 1960 annorum,
1875 1925 1980 1965 quos
2019 1912 2061 1951 in
2100 1912 2307 1968 prioribus

730 1967 896 2009 duobus
925 1966 1041 2007 libris
1072 1981 1123 2007 ex
1154 1966 1266 2006 initio
1297 1966 1393 2006 belli
1420 1965 1647 2020 Peloponn.
1678 1968 1939 2022 computavit.
2007 1968 2213 2023 Sagaciter
2239 1985 2307 2010 au-

730 2033 812 2066 tem
842 2023 1081 2064 Dodwellus
1112 2024 1324 2078 perspexit
1354 2029 1394 2062 et
1418 2022 1572 2063 idoneis
1604 2023 1830 2063 rationibus
1861 2023 2072 2078 probavit,
2103 2028 2155 2068 ab
2184 2030 2306 2069 inter-

731 2082 918 2137 polatore
952 2081 1109 2121 additas
1151 2095 1241 2121 esse
1281 2087 1509 2134 temporum
1539 2087 1656 2120 notas
1695 2080 1804 2136 apud
1834 2081 2023 2137 Xenoph.
2054 2086 2161 2131 nell.
2193 2083 2234 2138 1,
2266 2086 2307 2137 2,

733 2139 785 2189 1.,
820 2139 859 2191 1,
882 2139 926 2191 5,
952 2138 988 2177 1.
1022 2138 1065 2188 6,
1094 2138 1116 2178 1
1140 2138 1190 2192 ⁶2).
1222 2136 1265 2189 2,
1290 2136 1329 2189 1,
1355 2136 1423 2177 10.
1450 2136 1495 2188 5,
1517 2137 1559 2189 ⁹2,
1584 2136 1607 2177 1
1630 2136 1681 2192 ⁵).
1743 2138 1824 2179 Sed
1845 2139 2044 2182 dubitavit
2060 2144 2303 2194 Clintonius‚

769 2328 803 2362 G)
843 2328 874 2362 5,
899 2328 913 2355 ¹
937 2338 1000 2365 ⁸-1q-
1560 2358 1564 2365 .

771 2386 801 2420 1)
843 2386 877 2422 5,
897 2385 950 2415 20.
980 2387 1017 2416 cs.
1040 2386 1188 2415 Dodwcll.
1209 2388 1313 2417 Annal-
1335 2389 1427 2418 Thuc.
1454 2400 1483 2429 p.
1509 2389 1554 2418 12.
1577 2391 1600 2427 §.
1624 2389 1654 2419 6.

770 2443 804 2476 z’.)
852 2444 897 2470 Cf.
920 2444 957 2469 Ο.
982 2445 1116 2472 Mueller.
1143 2446 1177 2472 Y.
1202 2446 1246 2473 (ΣΙ.
1270 2447 1307 2473 de
1328 2448 1450 2475 Minci-v.
1474 2448 1537 2475 Pol.
1559 2458 1633 2476 sacr.
1656 2459 1685 2485 p.
1709 2447 1749 2476 19
1770 2458 1815 2485 sq.

770 2499 805 2536 ὅ)
848 2500 1019 2529 Schneider.
1042 2504 1131 2539 praes
1158 2504 1196 2531 ud
1218 2504 1333 2532 Hellen.
1358 2506 1403 2532 ed.
1427 2506 1463 2533 ll.
1493 2517 1521 2543 p.
1546 2507 1569 2533 V
1590 2517 1633 2544 sq.
