2626 3230
1424 259 1710 299 -2-

775 384 967 424 lescentia
994 382 1171 422 Socratis
1201 378 1435 434 disciplinae
1466 375 1648 417 addictus
1679 375 1880 428 ingenium
1911 392 1962 419 ex
1993 378 2103 420 illius
2128 378 2353 436 praeceptis

777 442 957 482 excoluit
988 441 1245 492 animumque
1278 435 1559 476 conformavit.
1633 433 1713 474 Sed
1747 435 1847 476 urbs
1878 437 2011 491 patria
2043 439 2101 490 ei,
2149 452 2255 494 quae
2284 451 2352 478 cu-

774 500 932 555 piebat,
976 498 1198 546 denegasse
1228 495 1390 534 videtur
1405 491 1460 546 ⁶).
1527 494 1671 547 Itaque
1700 492 1892 534 Proxeno
1922 493 1998 534 hos
2030 496 2084 536 ‘te
2114 495 2355 535 adhortante

775 557 957 597 Athenas
989 554 1158 608 reliquit
1189 560 1230 593 et
1261 552 1326 592 Ol.
1357 549 1432 603 96,
1458 549 1500 591 5.
1530 548 1668 605 (401.)
1727 552 1823 607 Cyri
1850 509 2120 606 expediffinis
2150 553 2355 606 particeps

772 615 905 653 faetus
938 612 1097 663 egregia
1128 610 1378 651 fortitudinis
1409 615 1534 663 atque
1563 607 1800 662 prudentiae
1830 608 2072 650 documenta
2102 609 2246 662 edidit3
2284 609 2355 649 sed

775 672 929 725 quippe
961 685 1052 709 cum
1083 668 1390 708 Atheniensium
1420 666 1580 705 inimico
1612 673 1754 707 contra
1793 667 1962 708 amicum
1992 681 2181 722 pugnans
2211 666 2354 708 exsilio

774 729 1001 769 mulctatus
1034 733 1118 778 est3
1174 726 1232 764 sic
1270 724 1433 778 quidem
1464 722 1639 762 Pausan.
1671 721 1733 775 (5,
1764 723 1824 779 6.)
1856 731 2006 764 narrat.
2065 725 2193 777 Diog„
2217 725 2354 763 Lae'rt.

777 786 838 840 (⁶2,
870 784 958 839 51.)
995 798 1109 834 cum,
1160 781 1230 820 ubi
1263 780 1313 820 ad
1344 778 1581 832 Agesilaum
1606 779 1648 819 in
1679 782 1821 822 Asiam
1847 781 1995 823 milites
2025 795 2125 824 suos
2154 780 2354 838 perduxe-

775 846 851 892 rit,
914 845 974 881 ἐπὶ
1001 843 1244 889 Λακωνισμῷ
1279 838 1349 878 illa
1389 852 1522 892 poena
1563 837 1758 879 afflictum
1796 840 2007 896 perhibet,
2056 847 2236 896 annte
2273 840 2354 880 Eu—

775 901 873 940 bulo
894 900 944 951 7).
1005 901 1052 939 In
1084 898 1144 938 his
1176 901 1274 939 nota
1306 896 1446 937 vitium
1475 895 1695 951 Diogeni-⁴33
1724 912 1856 954 neque
1886 899 1992 939 enim
2025 897 2080 940 ac}
2105 898 2356 954 Agesilaum,

776 975 917 998 xci-um
950 958 999 996 ad
1032 956 1326 996 Thimbronem
1357 970 1449 995 eum
1480 955 1565 994 suis
1596 957 1781 1008 pervenit
1811 956 2045 1011 Xenophon
2063 954 2116 1013 ⁸).
2202 955 2358 1008 Quodsi

775 1016 998 1057 Dclhriick.
1018 1013 1059 1069 0)
1092 1014 1192 1053 illud
1223 1013 1416 1064 Diogenis
1448 1013 1724 1052 testimonium
1758 1015 1812 1054 ita
1851 1015 2073 1067 infringere
2102 1014 2264 1066 studet,
2311 1020 2357 1052 ut

777 1074 1046 1114 Athenienses
1079 1073 1192 1126 ipsos
1212 1070 1454 1113 Thimbroni
1483 1084 1603 1123 opem
1634 1071 1778 1111 tulisse
1810 1071 1878 1125 (cf.
1900 1072 2008 1113 nell.
2027 1071 2074 1125 5,
2100 1071 2142 1126 1,
2160 1071 2221 1127 4.)
2247 1070 2356 1112 ideo·

778 1148 856 1186 que
875 1131 1206 1185 Xenophontem,
1239 1144 1329 1169 cum
1360 1128 1691 1168 Lacedaemoniis
1725 1129 1978 1181 militantem,
2014 1131 2132 1171 exilio
2162 1130 2358 1170 mulctare

777 1205 860 1229 non
891 1190 1075 1243 potuisse
1106 1187 1234 1238 dicat,
1291 1185 1485 1236 largimur
1514 1183 1592 1225 hoc
1619 1185 1782 1240 quidem
1813 1187 1895 1226 acri
1926 1187 2250 1242 Xenophonteae
2279 1187 2358 1224 vir-

777 1248 875 1286 tutis
909 1246 1076 1295 vindici,
1115 1245 1186 1283 sed
1217 1245 1361 1283 mirum
1393 1248 1524 1293 certe,
1557 1243 1669 1296 quod
1700 1243 1805 1283 idem
1838 1244 1924 1283 sere
1954 1258 2076 1296 suae,
2108 1258 2231 1300 quam
2260 1258 2356 1297 pro-

778 1305 880 1353 fert,
924 1303 1147 1341 sententiae
1180 1302 1335 1355 opponi
1366 1314 1489 1352 posse
1520 1314 1605 1338 non
1635 1300 1846 1340 intellexit.
1915 1302 2021 1341 Nam
2048 1301 2162 1356 quod
2192 1307 2357 1342 conten-

776 1361 861 1410 dit,
920 1359 1234 1412 Xenophontem
1266 1372 1371 1396 anno
1404 1354 1504 1395 599.
1535 1363 1707 1409 propter
1736 1357 1832 1412 Cyri
1862 1358 2075 1397 amicitiam
2118 1357 2238 1399 exilio
2270 1372 2359 1398 esse

778 1418 988 1472 punitum,
1031 1431 1114 1455 non
1146 1416 1271 1465 magis
1305 1414 1419 1454 licuit
1450 1413 1531 1453 hoc
1560 1413 1899 1466 Atheniensibus,
1931 1415 2251 1469 Spartanorum,
2290 1417 2360 1470 qui

777 1478 929 1529 Cyrum
953 1475 1146 1528 juverant
1176 1472 1302 1525 (nell.
1332 1470 1377 1522 5,
1410 1469 1450 1521 ⁴1,
1485 1469 1542 1524 1.)
1578 1472 1745 1525 imperio
1777 1472 1953 1512 subditis
1973 1471 2042 1528 ¹⁰).
2132 1473 2257 1514 Aliud
2287 1473 2358 1526 igi-

776 1541 858 1582 tur,
891 1531 984 1571 lieet
1006 1529 1256 1571 Dell›riicl;io
1289 1528 1503 1570 Rotseher.
1537 1543 1705 1584 quoque
1736 1530 2010 1584 adstipuletur
2030 1530 2084 1585 ¹¹)
2117 1532 2223 1571 exilii
2255 1533 2357 1571 irro-

777 1592 858 1642 gati
892 1596 1052 1642 tempus
1084 1588 1408 1639 investigandum
1436 1593 1518 1636 est,
1551 1601 1626 1627 nec
1655 1587 1774 1628 facile
1805 1589 1940 1642 aptius
1966 1596 2201 1642 computes,
2236 1603 2358 1642 quam

777 1647 847 1685 ubi
880 1646 1151 1686 Athenienses
1190 1659 1281 1684 cum
1314 1643 1521 1683 Thebanis
1557 1650 1656 1697 post
1686 1644 1928 1685 Timocratis
1962 1645 2111 1686 Rhodii
2140 1646 2359 1685 adveutum

779 1703 926 1743 foedus
967 1702 1124 1743 inibant
1166 1708 1307 1741 contra
1333 1700 1698 1755 Lacedaemoni0s3
1758 1710 1855 1742 tune
1895 1704 2012 1758 quasi
2048 1702 2209 1744 hostilis
2240 1703 2359 1743 animi

778 1762 1083 1801 documentum.
1105 1760 1401 1798 manifestaturi
1434 1758 1774 1812 Xenophontem,
1836 1762 1933 1815 Cyri
1972 1775 1994 1798 a
2030 1761 2358 1804 Lacedaemoniis

777 1818 904 1873 adjuti
936 1824 977 1858 et
1006 1816 1187 1870 Agesilai
1225 1816 1402 1868 socium,
1464 1814 1583 1857 exilio
1624 1817 1854 1872 puniverint
1890 1816 2082 1872 (exeunte
2119 1832 2225 1859 anno
2259 1814 2358 1858 595.

778 1877 842 1915 vel
876 1878 1041 1914 ineunte
1073 1889 1178 1913 anno
1197 1874 1332 1928 394).
1392 1876 1453 1913 Ita
1486 1877 1752 1928 compositam
1783 1891 1949 1931 quoque
1980 1875 2176 1915 habemus
2205 1876 2358 1916 Pausa—

778 1934 868 1973 niae
900 1939 939 1973 ct
972 1932 1166 1983 Diogenis
1205 1932 1529 1986 discrepantiam.
1613 1935 1671 1972 At
1713 1940 1821 1973 recte
1849 1933 2069 1974 Delbriick.
2101 1933 2159 1988 (p.
2188 1932 2246 1974 55
2275 1932 2357 1988 sq.)

778 1991 972 2030 refutavit
1010 2005 1104 2041 eos,
1162 1991 1234 2045 qui
1270 2003 1320 2029 ex
1349 1987 1484 2037 Anah.
1515 1990 1569 2041 V,
1603 1987 1648 2041 5,
1677 1988 1718 2030 6.
1766 1989 2081 2047 chqdmntem
2110 1998 2208 2046 post
2238 2006 2357 2046 proe-

778 2050 876 2088 lium
908 2050 1144 2089 Coronense
1177 2048 1297 2088 exilio
1328 2037 1567 2087 ni‘uletatum
1596 2062 1686 2088 esse
1715 2050 1899 2090 evincere
1925 2050 2182 2090 studuerunt.

820 2251 855 2285 ὓ)
899 2251 945 2278 Cf.
972 2250 1066 2277 Anah.
1094 2249 1125 2282 5,
1153 2250 1180 2282 Ι,
1204 2250 1230 2277 1.
1271 2250 1356 2278 Alias
1378 2249 1440 2288 ejus
1460 2250 1594 2279 rationes
1618 2259 1643 2277 v.
1666 2251 1744 2277 infra
1766 2251 1790 2287 {-
1818 2250 1846 2277 2.

822 2309 857 2344 7)
899 2309 993 2336 lstrus
1015 2318 1063 2346 ap.
1090 2308 1179 2347 Diog.
1204 2307 1234 2343 ⁹2,
1258 2307 1309 2336 ὅθ.
1353 2307 1398 2336 Cf.
1420 2308 1574 2336 Ruhnken.
1601 2309 1727 2338 historia
1749 2310 1856 2339 critica
1880 2315 1956 2338 orat.
2000 2312 2088 2338 Lxx'.

820 2366 853 2399 8)
895 2367 988 2393 Anah.
1011 2366 1046 2398 7,
1070 2366 1110 2397 8,
1136 2366 1186 2393 14.
1209 2367 1246 2393 cl'.
1271 2366 1347 2393 ilell.
1371 2365 1413 2402 5,
1436 2365 1470 2399 1,
1492 2366 1519 2393 ⁶2.

820 2424 856 2458 9)
900 2424 1074 2461 xenophon.
1117 2425 1176 2451 Zur
1196 2424 1326 2461 Rettnng
1347 2425 1444 2451 sciucr
1464 2425 1544 2451 Ehre
1566 2430 1621 2452 eet.
1645 2435 1673 2462 p.
1699 2425 1751 2452 57.
1774 2425 1811 2453 31
1834 2436 1897 2463 sqq.

803 2481 858 2517 10)
902 2482 1068 2513 Hermann,
1093 2481 1209 2519 grieeh.
1230 2481 1419 2509 Stautsaltth.
1440 2490 1469 2519 p.
1494 2480 1571 2509 559..

804 2539 854 2575 11)
899 2540 944 2567 Cs.
966 2539 1044 2567 Bcrl.
1067 2538 1156 2567 erb.
1179 2539 1228 2566 sur
1249 2538 1416 2568 wissensch.
1438 2538 1515 2568 lii-it.
1543 2538 1631 2568 1850
1652 2540 1686 2568 N.
1709 2540 1754 2570 9⁴.)
1775 2553 1818 2578 sq.
