2626 3230
689 825 1330 897 prolegom-ena.

952 1050 992 1107 g.
1026 1049 1063 1091 1.

825 1145 869 1173 De
891 1146 953 1174 vita
975 1146 1190 1185 Xenophontis.

218 1278 490 1333 Priusquam
519 1283 560 1318 in
591 1282 680 1332 ipsa
710 1281 922 1319 llelleniea
952 1283 1225 1333 inquiramus,
1266 1285 1535 1323 necessarium
1567 1298 1656 1324 esse
1687 1285 1796 1325 vide-

218 1344 288 1377 tur
328 1336 589 1392 praemittere
632 1336 876 1377 succinctam
920 1336 1025 1376 sitae
1063 1335 1291 1392 ingeniique
1330 1337 1616 1392 Xenophontis
1659 1340 1798 1381 adum-

218 1394 459 1435 hrationem.
548 1395 707 1435 Etenim
744 1395 799 1434 ita
836 1400 993 1433 tantum
1026 1409 1153 1449 quum
1180 1401 1266 1435 tota
1299 1397 1434 1449 operis
1468 1397 1570 1437 ratio
1601 1404 1798 1451 patescet,

218 1459 307 1493 tum
337 1451 522 1506 singulis,
552 1451 603 1493 de
629 1450 780 1508 quibus
802 1450 1081 1492 disserendum
1112 1452 1202 1504 erit,
1231 1451 1355 1493 rebus
1385 1453 1531 1495 clarior
1562 1454 1633 1494 lux
1666 1456 1798 1495 affun-

218 1511 351 1552 detur.
1405 1541 1414 1545 s

335 1565 569 1622 Xenophon
600 1565 887 1619 Atheniensis,
947 1566 1080 1623 Grylli
1116 1566 1249 1619 filius,
1313 1582 1398 1624 quo
1438 1582 1544 1609 anno
1579 1576 1698 1610 natus
1733 1572 1799 1623 sit,

222 1641 305 1667 non
338 1631 450 1667 certo
485 1631 659 1666 constat.
721 1624 802 1665 Sed
835 1639 961 1680 quum
992 1624 1144 1665 Strabo
1179 1624 1270 1679 (IX.
1301 1640 1341 1680 p.
1365 1624 1488 1682 405.)
1521 1642 1613 1668 eum
1639 1642 1801 1682 pugnae

222 1683 271 1723 ad
301 1683 461 1724 Delium
494 1682 578 1737 (01.
607 1680 680 1733 89,
714 1680 771 1735 1.)
803 1681 1036 1722 interfuisse
1065 1688 1262 1734 testetur,
1316 1677 1427 1724 reete
1464 1684 1557 1725 hinc
1582 1686 1741 1726 Corsini
1764 1685 1799 1741 ¹)

220 1740 401 1794 colligit,
449 1738 764 1794 Xenophontem
801 1745 899 1778 tune
932 1739 1176 1778 vicenarium
1207 1739 1293 1779 fere
1319 1739 1462 1779 ,fuisse
1500 1748 1540 1781 et
1570 1748 1708 1782 natum
1740 1744 1796 1781 vi-

221 1800 308 1840 deri
339 1799 444 1839 eirca
474 1798 540 1838 ΟΙ.
571 1795 643 1837 84.
711 1797 816 1836 Nam
846 1796 1130 1848 Mitfordium‚
1173 1796 1389 1837 Strabonis
1421 1800 1701 1840 auctoritatem
1734 1815 1795 1840 re-

217 1857 422 1913 jicientem
442 1854 506 1911 2),
538 1855 692 1901 refutat
717 1854 880 1908 Rriiger
899 1852 964 1911 5),
997 1855 1068 1911 qui
1098 1861 1140 1896 et
1168 1854 1274 1896 idem
1303 1854 1369 1896 Ol.
1387 1853 1462 1907 84,
1482 1854 1522 1895 2.
1555 1855 1695 1911 (445.)
1728 1872 1795 1897 na·

222 1922 307 1955 tum
336 1914 452 1954 illum
485 1914 688 1954 existimat
702 1910 759 1969 4).
829 1914 892 1953 Ex
921 1914 1113 1953 Isocratis
1144 1912 1285 1953 schola
1318 1927 1400 1952 non
1430 1913 1629 1967 prodiisse
1659 1916 1798 1955 Xeno-

221 1973 414 2028 phontem
432 1969 497 2027 3),
550 1969 838 2024 ρει-Μυκη
899 1970 969 2012 ille
995 1970 1099 2011 enim
1130 1984 1238 2023 anuo
1265 1968 1368 2012 ⁴56.
1399 1978 1520 2012 natus
1551 1971 1682 2013 multo
1714 1980 1800 2014 erat

215 2032 355 2085 junior
375 2029 660 2085 Xenophonte.
719 2029 776 2069 At
806 2029 921 2083 quod
950 2029 1112 2069 maximi
1141 2029 1333 2069 momenti
1364 2036 1473 2081 erat,
1499 2029 1584 2084 jam
1617 2030 1668 2069 ab
1702 2031 1798 2070 ado-

264 2214 296 2248 i)
337 2212 420 2241 Fust.
448 2212 509 2240 Act.
540 2212 593 2239 111.
636 2220 665 2248 p.
702 2209 775 2239 297.
807 2210 933 2239 Licebat
963 2209 1122 2248 juvenibus
1150 2211 1258 2239 Atticis
1287 2220 1304 2237 a
1336 2212 1475 2240 vicesimo
1511 2213 1631 2241 demum
1659 2190 1733 2240 anno
1768 2216 1796 2240 in

340 2252 422 2279 bella
448 2259 575 2289 peregre
596 2250 694 2287 exire;
716 2250 754 2278 cf.
786 2248 949 2279 Schneider
970 2248 1013 2277 ad'
1031 2249 1104 2277 Xen.
1127 2248 1205 2277 nell.
1228 2259 1258 2287 p.
1284 2248 1320 2276 X.

263 2310 296 2344 ²2.)
338 2309 414 2337 Hist.
437 2307 488 2336 Gr.
512 2317 537 2337 c.
561 2306 612 2334 25.
634 2316 656 2334 s.
677 2305 708 2335 6.
733 2310 830 2336 annot.
854 2317 934 2346 supr.

266 2368 302 2403 5)
345 2367 482 2405 anestt.
504 2366 541 2394 de
562 2365 700 2405 Xenoph.
724 2366 775 2394 vit.
800 2376 830 2405 p.
856 2365 888 2396 6.
910 2375 954 2405 sq.

268 2426 303 2461 4)
345 2426 390 2453 Cf.
411 2427 569 2464 praeterea
595 2425 701 2463 Poppo
725 2424 825 2453 Praef.
848 2425 885 2452 ad
907 2423 1001 2453 Anah.
1029 2433 1058 2463 p.
1076 2422 1170 2453 xvll.

280 2482 317 2520 5)
360 2482 445 2510 Pbot.
470 2482 552 2511 Bihl.
578 2483 652 2510 Cod.
673 2482 786 2511 CCLX-
815 2493 842 2521 p.
861 2481 937 2511 795.
966 2482 1002 2510 es.
1019 2481 1160 2510 wit-hers
1181 2481 1294 2520 Theop.
1316 2482 1406 2522 srgm.
1430 2492 1458 2521 p.
1476 2480 1523 2510 10.
1568 2482 1647 2512 Hace
1669 2485 1801 2513 narratio

353 2522 431 2550 hand
455 2521 547 2550 dubi«-
573 2527 639 2550 orta
660 2527 704 2550 est
729 2532 762 2549 ex
783 2522 981 2550 similitudine
1001 2522 1129 2550 nominis
1149 2521 1290 2550 Socratis.

1312 2578 1332 2618 1
