2626 3230
936 319 994 327 .-
1058 295 1115 336 15
1169 318 1226 325 .-

1024 409 1159 466 304-

850 504 952 551 Utitfflj
972 486 1160 543 Thucydidis
1179 491 1315 534 materia.

1515 478 1589 514 ’,γ-,ἰ
1626 484 1636 501 ³
1669 477 1727 508 ἐἶ
1828 481 1850 504 *D

1569 523 1724 597 γεω.
1723 545 1749 567 *2
1762 546 1778 557 ›·

393 601 609 650 Quaeritur
622 615 742 654 nune,
760 600 968 658 quomodo
976 598 1485 656 Xenopffllr'l'hucydidoe'
1502 587 1858 654 ista‘ifyidflbficam

297 656 337 695 in
367 671 486 696 usum
516 672 635 698 suum
665 655 921 700 converterit.
978 653 1210 699 Vid'end‘um
1248 659 1394 711 igitur,
1441 654 1639 713 numquid
1665 659 1857 699 discrimi-

298 714 360 752 nis
399 715 506 754 inter
540 713 643 755 duos
685 716 779 757 illos
822 722 862 756 et
904 722 1061 756 ceteros
1111 714 1242 756 libros
1281 715 1515 757 intercedat.
1583 716 1636 755 Et
1674 730 1863 768 magnum

286 766 498 823 “reperisse
528 771 604 810 sibi
634 774 746 813 visus
778 780 841 814 est
873 773 1069 814 Niebuhr.
1102 772 1224 830 (1.1.)
1298 774 1346 813 In
1385 774 1526 828 primis
1566 773 1670 813 enim
1702 772 1862 812 duobus

296 826 411 867 libris
437 827 551 882 juste
582 837 622 869 et
651 837 761 871 reete
792 830 842 872 de
873 830 1189 872 Atheniensibus
1219 829 1417 888 judicari,
1455 846 1581 886 quum
1615 831 1657 869 in
1689 845 1861 885 sequen·

296 883 406 924 tibus
424 886 605 942 quinque
622 888 820 929 scelestus
845 889 1362 943 transfugae'Laconismus
1385 904 1460 930 nos
1476 887 1666 931 offendat.
1719 888 1797 929 Sed
1822 887 1860 942 l)

296 957 380 982 non
420 945 537 983 evicit
574 945 845 997 Niebuhfius,
886 949 928 985 in
967 948 1196 1001 posteriore
1230 947 1534 987 Hellenieorum
1564 954 1679 999 parte
1712 947 1862 999 injuste

297 1013 343 1038 ac
387 999 490 1039 salse
530 999 581 1039 de
622 999 938 1042 Atheniensibus
975 1003 1172 1059 judicari,
1215 1017 1289 1043 nec
1329 1003 1492 1044 omnino
1523 1003 1737 1057 quisquam
1768 1016 1862 1042 con-

296 1056 461 1097 tendere
491 1056 570 1097 hoc
595 1061 786 1113 potuerit.
846 1060 1259 1101 Lacedaemoniorum
1302 1061 1465 1116 quidem
1495 1066 1536 1099 et
1564 1059 1745 1111 Agesilai
1776 1067 1861 1098 slu-

296 1113 429 1166 dium,
459 1115 707 1168 Argivorum
720 1115 765 1173 .¹)
798 1132 844 1158 ac
876 1117 1168 1164 Thebanorum
1200 1118 1335 1159 odium
1375 1118 1417 1158 in
1455 1131 1501 1158 ea
1541 1116 1692 1168 elucet,
1733 1118 1861 1157 neuti-

296 1186 418 1224 quam
448 1187 544 1212 vero
578 1188 673 1226 erga
702 1175 968 1216 Athenienses
999 1178 1059 1216 ira
1091 1176 1213 1230 atffue
1240 1175 1448 1231 injustitia.
1509 1175 1692 1228 Reputes
1713 1182 1860 1225 autem,

293 1228 608 1284 Xenophontem
655 1232 697 1271 in
737 1233 936 1273 narranda
980 1232 1078 1275 belli
1123 1233 1458 1288 Peloponnesiaci
1505 1231 1672 1272 historia
1723 1231 1859 1283 talem,

294 1287 455 1340 qualem
488 1296 647 1342 postea,
679 1291 851 1330 animum
883 1292 1097 1331 ostendere
1128 1292 1290 1330 omnino
1323 1305 1404 1330 non
1434 1291 1649 1345 potuisse.·
1690 1290 1792 1328 Nam
1821 1296 1861 1328 et

294 1344 619 1385 Lacedaemoniis
651 1353 693 1396 et
711 1346 1038 1396 ‘Atheniensibus
1065 1347 1242 1396 favebat,
1274 1348 1446 1386 necdum
1488 1347 1554 1385 alii
1589 1347 1658 1385 isti
1700 1346 1859 1398 populi,

295 1403 470 1454 quorum
500 1401 647 1439 invidia
677 1399 728 1438 ab
760 1401 955 1453 Agesilao
984 1400 1158 1440 infectus
1190 1414 1280 1448 esse
1308 1401 1492 1452 videtur,
1533 1402 1573 1438 in
1606 1415 1769 1440 censum
1795 1417 1861 1440 ve-

294 1456 457 1497 niebant
487 1455 557 1512 (cf.
589 1457 733 1510 Peter,
765 1464 978 1500 comment.
1012 1459 1100 1499 crit.
1127 1458 1178 1498 de
1211 1459 1316 1498 Xen.
1347 1457 1455 1498 Hell.
1492 1473 1533 1512 p.
1567 1456 1618 1498 71
1654 1459 1766 1513 sqq.)

410 1512 467 1611 225
488 1517 585 1556 Non
616 1516 768 1570 scripta
798 1522 860 1556 est
890 1517 1003 1570 prior
1030 1515 1100 1556 illa
1132 1515 1436 1556 Hellenicorum
1466 1530 1562 1571 pars
1593 1517 1699 1555 intra
1733 1531 1860 1557 annos

295 1570 385 1610 599
403 1595 418 1603 -
437 1597 449 1611 ι
468 1568 563 1625 ms,
609 1572 759 1628 quibus
791 1573 1024 1628 Xenophon
1046 1572 1227 1612 nondum
1259 1573 1377 1613 exilio
1408 1573 1627 1613 muletatus
1659 1574 1859 1613 candidio-

296 1645 379 1669 rem
412 1629 543 1671 adhuc
575 1645 671 1683 erga
700 1632 871 1685 patriam
902 1631 1077 1671 animum
1104 1631 1290 1685 gesserit.
1336 1632 1481 1671 Virum
1515 1631 1720 1684 egregium
1751 1639 1789 1671 et
1821 1634 1860 1670 in

292 1688 353 1726 his
385 1701 562 1739 errasse,
593 1702 719 1742 supra
748 1686 1124 1728 demonstravimus.
1160 1714 1162 1716 ·
1420 1735 1423 1738 ,

407 1740 456 1800 5)
487 1746 580 1785 Jam
612 1746 654 1784 in
684 1746 820 1800 priore
850 1745 1152 1786 Hellenieorum
1170 1753 1291 1800 parte
1305 1760 1385 1786 non
1412 1746 1574 1800 quidem
1606 1746 1744 1799 prodit
1777 1749 1858 1785 ani-

294 1802 347 1841 mi
378 1801 693 1843 Atheniensibus
723 1803 880 1853 insesti,
914 1802 985 1842 sed
1016 1808 1149 1842 tamen
1172 1802 1500 1842 Lacedaemoniis
1519 1804 1715 1856 propensi
1732 1804 1856 1853 signa.

293 1860 444 1911 Magna
482 1861 586 1899 enim
621 1875 712 1899 eum
751 1860 961 1914 voluptate
997 1860 1233 1900 immoratur
1269 1859 1549 1900 Callicratidae
1592 1859 1716 1900 rebus
1765 1874 1856 1899 nar·

280 1915 453 1970 ‹fandis3
483 1918 554 1958 sed
586 1917 636 1958 cf.
666 1918 774 1957 infra
803 1917 842 1973 S.
873 1915 939 1957 12.

410 1974 518 2016 Hine
558 1975 845 2030 consequitur,
885 1989 969 2014 non
1001 1973 1144 2015 adesse
1183 1974 1420 2025 discrimen,
1461 1974 1575 2029 quod
1610 1974 1856 2015 Niebuhrius

295 2033 436 2073 statuit
465 2030 516 2087 ²).
577 2033 662 2072 Nec
692 2033 811 2072 etiam
844 2033 974 2072 oratio
1008 2031 1230 2090 quidquam
1261 2031 1503 2071 diversitatis
1534 2031 1668 2072 habet.
1724 2034 1781 2071 At
1811 2047 1858 2070 eo

294 2088 457 2130 differre
491 2089 679 2132 videntur
720 2095 856 2144 partes
898 2088 1013 2142 illae,
1121 2089 1173 2130 od
1214 2089 1255 2128 in
1294 2088 1432 2144 priore
1479 2089 1545 2129 vel
1591 2089 1856 2129 minutissima

294 2161 480 2202 quaeque
512 2154 553 2187 et
584 2148 754 2187 maxime
785 2147 1014 2201 eompfieita
1045 2103 1285 2201 pilgrumque
1318 2153 1501 2186 accurate
1529 2146 1765 2187 referuntur
1799 2148 1855 2184 id·

297 2201 376 2258 que
405 2206 484 2256 ita,
532 2211 578 2244 ut
616 2205 724 2244 facta
758 2204 897 2243 stricte
936 2218 1104 2244 narrans
1147 2218 1279 2260 neque
1311 2218 1361 2244 ex
1391 2210 1541 2260 suopte
1571 2204 1732 2258 ingenio
1764 2215 1854 2261 nep·

294 2263 503 2305 tentiolam
538 2262 739 2320 quandam
780 2262 997 2304 admisceat
1034 2269 1195 2315 auctor,
1243 2276 1376 2318 neque
1406 2260 1577 2317 singulis
1611 2258 1854 2320 quibusdam

333 2466 365 2502 Ι)
413 2466 459 2494 Cf.
486 2466 620 2499 Weisk.‚
642 2467 776 2505 Xenoph.
797 2466 926 2507 Scripta.
966 2467 1032 2496 vol.
1055 2467 1104 2496 IV.
1128 2477 1157 2506 p.
1182 2466 1308 2496 xxvn.

330 2523 362 2560 2)
402 2524 589 2592 Κωέἒεὶπιιι
610 2534 723 2554 mecum
745 2526 843 2554 tacere
869 2537 942 2556 nunc
962 2528 1051 2556 video
1079 2528 1108 2554 et
1127 2526 1238 2559 laetor3
1268 2527 1305 2556 cf.
1333 2526 1500 2556 nistorisch
1528 2526 1675 2566 philolog.
1718 2526 1850 2555 Studien.

409 2574 438 2601 P·
535 2583 542 2589 .
