2626 3230
1303 175 1599 217 -4-

659 297 824 353 quidem
867 294 937 351 (5,
968 292 1028 347 6.)
1076 294 1201 333 Eleos
1247 292 1513 347 Xenophonti
1560 292 1972 334 Lacedaemoniorum
2028 298 2238 337 amicitiam

657 356 864 409 ignovisse
895 359 936 393 et
960 358 1006 391 ut
1036 365 1179 392 secure
1207 349 1405 392 Seillunte
1434 350 1589 391 viveret
1620 364 1779 405 passos·
1798 366 1889 394 esse
1918 352 2038 406 dicit,
2071 353 2144 397 sed
2174 369 2239 396 ac-

658 414 838 455 curatius
868 407 1059 451 Dinarchi
1090 422 1114 447 a
1140 409 1261 462 Diog.
1293 409 1456 462 allegati
1487 409 1762 450 testimonium
1798 410 2072 465 praetulerim.
2159 412 2240 455 Re-

657 471 757 514 licto
797 469 923 520 igitur
968 465 1168 507 Scillunte
1204 467 1408 521 prreum
1446 481 1538 506 eum
1573 466 1666 506 filiis
1705 468 1913 521 concedit,
1965 469 2059 509 inde
2095 469 2239 511 Corin-

657 527 775 570 thum
793 522 857 581 Ξ*5)
898 539 1079 580 eosque,
1140 524 1306 565 foedere
1348 523 1435 580 jam
1471 518 1633 570 &dum
1671 524 1779 566 inter
1816 525 2159 569 Lacedaemonios
2202 537 2242 569 et

659 584 934 624 Athenienses
990 583 1101 623 sacto
1152 582 1237 638 (Ol.
1274 580 1373 633 102,
1404 581 1444 622 4.
1474 576 1618 638 539),
1688 583 1843 636 patriae
1890 583 1983 624 urbi
2025 583 2241 629 submittit.

657 643 806 696 ltaque
835 642 998 682 videtur
1033 647 1131 694 post
1165 641 1348 694 quinque
1380 638 1542 678 tandem
1580 637 1714 679 lustra
1744 640 2007 693 infigi-utiam
2046 657 2137 683 cum
2168 657 2242 697 po-

658 698 877 753 pularilms
910 698 1080 737 rediisse
1096 695 1178 750 w),
1238 695 1350 749 quod
1385 695 1570 733 firmatur
1613 696 1846 736 testimonio
1882 698 1979 738 Istri
2012 696 2096 753 (ap.
2127 700 2242 750 Πίος,

660 756 689 794 l.
725 756 795 809 1.),
860 755 1000 793 eodem
1033 753 1130 803 illo,
1191 753 1263 807 qui
1300 751 1462 791 exilium
1502 750 1750 805 adduxerat,
1800 753 1967 796 Eubulo
2002 763 2174 809 rogante
2203 758 2244 797 in

659 814 833 866 patriam
864 809 1178 864 Xenophontem
1209 809 1442 849 restitutum
1470 823 1561 849 esse
1589 809 1853 865 perhibentis.
1911 812 2003 853 Filii
2033 814 2076 853 in
2105 828 2243 870 pugna

659 869 910 909 Mantinensi
941 869 1047 907 inter
1075 866 1348 907 Athenienses
1379 866 1636 919 dimicarunt,
1658 883 1751 922 -qua
1781 869 1899 921 alter,
1923 868 2117 926 Gryllus,
2148 887 2240 927 per·

660 928 730 977 iit,
792 926 897 965 alter
926 924 1134 964 Diodorus
1174 938 1318 979 sospes
1366 925 1507 964 evasit.
1586 925 1779 966 Mortuus
1810 933 1874 966 est
1902 926 2137 983 Xenophon
2165 929 2244 969 Co-

661 983 785 1023 rinthi
828 982 1052 1023 secundum
1080 982 1333 1022 Demetrium
1363 981 1618 1034 Magnesiam
1658 989 1699 1023 et
1737 985 1981 1038 epigramma
2013 987 2096 1040 (ap.
2128 987 2245 1037 Πίος.

662 1041 690 1080 l.
722 1040 792 1095 l.),
825 1039 891 1080 01.
922 1038 1024 1091 105,
1056 1037 1096 1079 2.
1128 1037 1266 1095 (559.)
1298 1040 1333 1079 si
1363 1038 1569 1080 Stesiclidi
1600 1039 1701 1081 fides
1731 1048 1841 1082 esset
1856 1039 1940 1096 ²⁶);
1990 1042 2061 1083 sed
2093 1042 2244 1083 diutius

664 1114 755 1137 eum
790 1099 965 1148 vixisse,
1013 1104 1124 1137 recte
1150 1099 1294 1136 statuit
1328 1097 1494 1137 Clinton
1511 1097 1582 1151 2⁷).
1611 1121 1671 1128 —-
1730 1099 1845 1139 Talis
1876 1101 2002 1151 igitur
2033 1102 2115 1140 vita
2151 1115 2245 1141 con-

663 1157 810 1205 tigerat
843 1154 1129 1207 Xenophonti,
1185 1161 1230 1193 ut
1264 1154 1616 1206 gravissimarum,
1665 1170 1770 1210 quae
1800 1164 2060 1208 gererentur,
2112 1172 2245 1198 rerum

663 1218 733 1250 aut
763 1212 852 1264 ipse
882 1211 1089 1263 particeps
1124 1217 1252 1260 esset,
1288 1216 1359 1248 aut
1391 1212 1618 1264 comperire
1648 1226 1716 1252 eas
1748 1215 1978 1254 accuratius
2008 1221 2163 1268 posset.

1398 1381 1437 1436 g.
1469 1381 1509 1421 2.

1238 1477 1283 1504 Dc
1312 1476 1433 1515 ingenio
1457 1476 1673 1514 Xenophontis.

780 1576 842 1614 Dc
883 1575 1043 1626 ingenio
1085 1580 1125 1612 et
1162 1572 1301 1612 indole
1343 1572 1630 1627 Xenophontis
1674 1589 1781 1615 nunc
1821 1576 2078 1633 disseramus<
2156 1581 2249 1620 Vita

666 1632 953 1684 Xenophontis
992 1632 1032 1668 in
1074 1629 1239 1669 turbida
1278 1631 1417 1669 incidit
1448 1638 1658 1683 tempora,
1720 1633 1871 1685 quibus
1912 1636 2057 1675 civium
2093 1639 2247 1676 animos

666 1688 777 1728 varie
806 1688 961 1728 moveri
995 1693 1036 1726 et
1068 1686 1235 1726 mirifice
1275 1687 1422 1726 mutari
1452 1686 1646 1727 videmus.
1731 1689 1848 1729 Nova
1886 1691 2067 1744 indoles,
2130 1692 2248 1734 bellis

665 1745 841 1783 Persicis
873 1749 1036 1796 exorta,
1067 1756 1091 1779 a
1112 1742 1536 1793 Marathonomachis,
1566 1746 1842 1796 pertinacibus
1874 1746 2145 1788 barbarorum
2177 1751 2249 1788 ini-

665 1801 799 1851 micis,
856 1806 896 1840 et
929 1797 1086 1840 Pericle
1119 1812 1263 1852 parum
1295 1813 1506 1854 repressa,
1557 1806 1653 1855 post
1670 1798 1842 1856 ‘pestem
1873 1804 1992 1846 istam
2023 1807 2116 1846 anni
2146 1805 2250 1848 450.

665 1859 951 1914 funestamque
985 1857 1154 1897 Periclis
1195 1865 1368 1898 mortem
1416 1858 1635 1898 violentius
1675 1866 1716 1900 et
1757 1861 1930 1902 celerius
1968 1864 2009 1903 in
2048 1864 2251 1906 civitatem

665 1918 814 1971 irrupit
835 1914 871 1971 ¹)
903 1930 1145 1969 omnemque
1176 1917 1299 1955 vitam
1338 1916 1425 1955 viro
1459 1930 1535 1956 suo
1566 1915 1714 1958 infecit.
1805 1919 1964 1972 Religio
2000 1935 2154 1977 susque
2181 1923 2249 1964 de-

668 1989 749 2030 que
776 1973 940 2025 haberi,
972 1987 1105 2014 mores
1136 1972 1406 2025 degenerare,
1445 1973 1626 2026 vincula,
1660 1990 1766 2030 quae
1795 1977 2088 2031 rempublicam
2122 1983 2249 2020 conti-

668 2039 787 2084 nent,
854 2032 979 2072 laxari
1014 2038 1247 2086 coeperunt.
1322 2031 1665 2086 Propullularunt
1696 2040 1830 2076 autem
1862 2035 1959 2078 haec
1989 2037 2082 2078 vitia
2116 2053 2137 2077 e
2166 2046 2247 2079 tota

689 2215 746 2243 24)
790 2216 878 2251 Diog.
901 2216 919 2240 l.
943 2216 961 2240 l.

691 2271 746 2306 23)
790 2272 835 2299 Cf.
864 2271 1060 2299 Borncnmnn.
1084 2272 1122 2300 ad
1148 2273 1283 2312 Xenoph.
1309 2274 1419 2312 Cyrop.
1443 2285 1472 2313 p.
1496 2274 1606 2303 xxix.

692 2329 754 2364 ΞΟ)
796 2330 885 2367 Diog.
910 2329 949 2362 2,
971 2329 1023 2357 56.

690 2382 743 2420 27)
786 2386 867 2413 Fast.
893 2387 971 2415 nell.
1000 2398 1029 2425 p.
1052 2386 1122 2415 155.
1145 2388 1224 2416 500.
1253 2389 1374 2427 liriigcr
1395 2391 1433 2418 de
1458 2391 1508 2418 vit.
1534 2392 1669 2429 chopli.
1693 2395 1720 2429 ὃ.
1747 2393 1776 2420 5.
1800 2404 1828 2431 p.
1850 2393 1898 2421 ⁵28.
1920 2404 1962 2431 scs
2003 2396 2047 2424 Cs.
2071 2398 2147 2425 iun-c.
2170 2401 2193 2435 ᾖ.
2217 2400 2246 2427 G.

711 2442 742 2477 1)
784 2442 938 2472 Wachsm.
959 2444 1025 2472 Ant.
1048 2444 1127 2473 nell.
1150 2444 1184 2482 1,
1205 2445 1243 2482 ⁴2,
1264 2446 1315 2474 29.
