2626 3230
1050 812 1094 846 (μ
1104 858 1113 863 Ἀ

895 882 1524 1002 Praelatio.

1124 1045 1298 1052 ---.

420 1211 729 1268 Amph‘ssimus
761 1211 1107 1266 Philosophorum
1144 1209 1259 1251 Ordo
1284 1223 1319 1250 a.
1351 1206 1467 1250 1856
1494 1211 1790 1264 postulaverat:

515 1291 556 1325 111
582 1273 831 1350 {enophontis
855 1288 1043 1326 Hellenica
1067 1298 1111 1324 eo
1135 1287 1296 1324 instituto
1320 1286 1533 1334 inquiratur,
1579 1294 1619 1324 ut
1643 1294 1681 1323 et
1708 1290 1877 1334 quantum
1901 1285 1995 1320 faci-

513 1361 575 1415 ant
600 1355 653 1403 ad
672 1355 854 1400 historiam
875 1354 1029 1400 labentis
1054 1352 1231 1389 Graeciae
1256 1352 1521 1400 illustrandam,
1548 1358 1593 1387 et
1602 1354 1690 1410 guid
1717 1355 1752 1389 in
1774 1354 1818 1389 iis
1843 1351 1996 1388 deside-

476 1430 598 1467 res,
631 1429 751 1465 aequa
772 1420 877 1453 lance
900 1418 1135 1464 ponderetur,
1168 1418 1430 1462 momentisque
1456 1418 1631 1462 exemplis
1651 1419 1923 1457 demonstretur.

416 1454 537 1538 Duae
580 1500 740 1548 quum
751 1484 954 1527 exhibitae
1002 1490 1139 1526 essent
1183 1484 1564 1536 commentationes,
1627 1483 1728 1534 hoq
1749 1485 1844 1527 tulit
1883 1485 1995 1525 Ordo

499 1563 718 1620 judicium:

515 1638 667 1684 Utrique
698 1638 864 1683 scriptori
888 1648 933 1673 ea
965 1638 1044 1673 laus
1078 1637 1275 1672 communis
1309 1642 1391 1685 est,
1441 1635 1534 1684 quod
1559 1637 1604 1672 ab
1645 1636 1881 1673 immoderatis
1914 1638 1996 1683 opi-

512 1705 673 1749 nionibus
699 1705 769 1740 sibi
801 1709 998 1753 caverunt,
1032 1715 1164 1753 magna
1181 1704 1431 1751 Xenophontis
1459 1704 1583 1739 merita
1605 1709 1643 1740 et
1669 1704 1705 1739 in
1733 1696 1830 1746 libris
1851 1704 1995 1751 scriptis

513 1778 550 1808 et
571 1772 605 1808 in
629 1772 738 1808 rebus
762 1773 879 1820 gestis
905 1773 1098 1820 conspicua
1126 1771 1228 1819 justa
1252 1773 1498 1808 aestimatione
1534 1777 1800 1818 pensaverunt,
1841 1783 1994 1820 errores,

514 1841 642 1888 quibus
665 1851 804 1877 summa
827 1841 909 1886 eJ'us
933 1842 1111 1877 sententia
1135 1841 1181 1874 de
1206 1841 1313 1874 rebus
1339 1833 1559 1875 Graeozfium
1582 1840 1741 1877 laborare
1765 1841 1930 1895 videturj
1957 1847 2014 1895 et

511 1908 661 1953 partium
673 1882 863 1956 studium,
899 1918 923 1942 a
947 1918 1019 1953 qua
1045 1907 1322 1953 reprehensione
1348 1906 1488 1941 omnino
1513 1906 1656 1941 exsolvi
1681 1908 1827 1955 nequit,
1864 1905 1934 1943 min
1958 1908 2005 1942 in

512 1975 652 2009 nimiam
676 1975 954 2022 magnitudinem
977 1979 1172 2022 auxerunt,
1205 1974 1301 2021 quod
1326 1974 1480 2020 denique
1506 1985 1528 2009 a
1552 1973 1712 2021 diligenti
1735 1975 1883 2010 lectione
1911 1985 1990 2010 cum

511 2042 760 2088 Xenophontis
784 2042 1048 2078 Hellenicorum
1056 2067 1071 2090 5
1123 2046 1199 2077 tum
1224 2041 1446 2088 antiquorum
1471 2042 1735 2087 historicorum,
1760 2043 1817 2087 qui
1842 2052 1990 2088 compa-

505 2109 582 2148 -rari
604 2107 802 2158 debebant,
836 2115 874 2144 ct
901 2110 1146 2155 quaestionum
1172 2120 1194 2144 a
1220 2108 1476 2144 recentioribus
1501 2108 1729 2153 scriptoribus
1754 2109 1988 2145 institutarum

511 2175 558 2211 ad
583 2174 807 2211 scribendam
831 2178 1162 2211 commentationem
1184 2182 1442 2223 accesserunt,
1478 2181 1516 2210 et
1539 2176 1653 2221 ipsam
1675 2186 1749 2210 rem
1776 2178 1989 2222 propositam

511 2247 548 2277 et
574 2241 680 2277 docte
703 2248 740 2278 et
764 2243 956 2288 prudenter
980 2244 1324 2279 administraverunt.

609 2309 834 2355 Comparatis
865 2316 985 2345 autem
1018 2312 1202 2357 utriusque
1237 2310 1540 2347 commentationis
1572 2308 1735 2346 laudibus
1762 2321 1828 2357 ea,
1884 2321 1995 2357 quam

512 2377 614 2423 priori
637 2378 716 2413 loco
740 2378 988 2427 indicavimus,
1014 2378 1249 2424 praeferenda
1275 2379 1475 2427 videbatur,
1502 2379 1610 2427 quod,
1636 2380 1721 2414 licet
1742 2379 1832 2414 intra
1856 2380 1989 2414 arctio-

486 2455 571 2480 .res
607 2444 699 2480 fines
732 2456 775 2481 se
811 2438 1012 2495 contineat,
1062 2447 1097 2481 in
1129 2447 1209 2493 ipsa
1242 2452 1360 2482 tamen
1394 2448 1605 2494 quaestione
1636 2447 1811 2483 solvenda
1840 2448 1988 2483 ulterius

510 2523 706 2560 progressa
730 2519 796 2549 est.
872 2514 965 2550 Cum
991 2515 1082 2550 enim
1106 2515 1213 2560 hujus
1238 2520 1361 2551 auctor
1394 2515 1501 2551 finem
1526 2516 1746 2563 quaestionis
1772 2516 1885 2551 oculis
1911 2516 1988 2552 suis

511 2581 606 2615 clare
632 2582 898 2626 proposuisset:
940 2593 1057 2628 neque
1082 2583 1116 2617 in
1141 2584 1390 2629 Xenophontis
1414 2584 1558 2630 ingenio
1583 2583 1841 2632 describendo,
1871 2593 1988 2629 neque

509 2646 545 2682 iu
570 2646 715 2683 diverso
739 2649 891 2695 priorum
917 2650 1062 2685 duorum
1086 2656 1194 2696 atque
1222 2651 1432 2696 reliquorum
1454 2653 1616 2685 librorum
1637 2652 1754 2685 colore
1777 2648 1987 2694 explicando

510 2714 555 2749 ab
579 2720 787 2762 argumento
820 2717 1004 2753 tractando
1041 2718 1181 2766 longius
1208 2729 1312 2764 quam
1337 2730 1489 2765 aequum
1515 2724 1591 2754 erat
1618 2718 1807 2764 discessit.
1858 2728 1984 2753 exem-
