2626 3230
1354 308 1640 351 -18-ff
1977 344 1999 361 2

710 441 797 474 rate
827 438 967 475 narrat
996 431 1129 472 scelus
1162 427 1294 480 istud,
1357 442 1430 468 sex
1467 428 1758 484 imperatorum
1788 427 2043 469 damnatione
2073 426 2125 468 ab
2157 426 2281 469 Athe-

710 490 921 532 niensibus
952 489 1231 537 commissum,
1288 485 1405 540 cujus
1435 500 1508 530 eos,
1537 492 1683 539 postea
1711 500 1796 526 non
1824 487 1957 526 minus
2017 498 2110 525 uam
2139 484 2284 526 Socra-

711 549 814 588 ticae
842 548 900 587 rei
928 545 1179 600 poeniteret,
1225 542 1304 583 hoc
1336 542 1500 598 quidem
1529 555 1552 582 a
1585 543 1702 584 Xeno
1734 543 1859 585 honte
1887 541 1985 585 ante
2025 540 2152 586 oedns
2183 541 2284 582 illud

710 605 906 658 scriptum
941 616 1033 643 esse
1062 600 1268 658 conjicias.
1338 602 1484 655 Itaque
1509 608 1617 646 anno
1739 628 1772 652 .‚
1833 599 1929 652 lieet
1957 599 2150 656 ιιΨΕῙᾴς
2181 597 2283 639 Scil-

708 661 845 712 lunte‚
877 659 948 700 ubi
980 673 1004 699 a
1035 660 1155 713 Diog.
1184 659 1321 700 Laert.
1336 656 1378 712 ὅ)
1410 657 1483 694 τὰς
1505 658 1677 703 ἱστορίας
1703 655 1925 698 confecisse
1952 652 2283 710 dicitu‘rss‘Tuga·

708 723 846 769 retur,
910 724 1046 758 tamen
1077 723 1118 757 et
1148 714 1297 770 Lepi-ei
1327 720 1369 754 et
1401 712 1587 754 corinthi
1614 714 1657 753 in
1688 728 1813 769 opere
1848 712 2064 755 scribendo
2097 712 2286 768 perstitit.

708 773 779 814 Sic
810 776 919 815 circa
949 789 984 814 a.
1014 772 1114 814 558.
1145 769 1416 825 componebat
1445 768 1596 809 librum
1628 778 1809 823 sextum,
1869 770 1912 812 id
1940 770 2055 826 quod
2083 784 2135 812 cx
2163 769 2288 811 caede

709 831 937 872 Alexandri
965 829 1135 870 Pheraei
1164 833 1328 868 narrata
1355 826 1495 881 prodit
1526 826 1596 879 (ct.
1624 826 1666 883 5.
1695 827 1783 883 5.),
1813 834 1855 870 et
1908 829 1914 835 '
1977 829 2008 878 ⁹,
2088 827 2159 868 vix
2189 827 2287 868 scri·

708 893 805 941 pto·
818 896 1005 944 mortuus
1036 901 1126 927 esse
1154 884 1316 925 videtur
1346 885 1452 924 circa
1481 897 1517 924 a.
1546 881 1673 939 554„
1722 892 1770 926 ut
1799 899 1855 926 no
1952 892 1955 895 “
1978 890 2021 926 ta
2042 926 2058 937 ..
2158 898 2206 937 s,
2264 896 2288 923 a

709 945 892 985 Luciano
922 944 1000 998 ipsi
1030 942 1232 993 tributos,
1285 940 1482 996 expleret.
1559 941 1654 985 Hoc
1681 942 1804 984 modo
1834 935 2289 1000 eompouffi·†qu0que

709 1002 760 1041 lis
798 1001 848 1042 de
887 1002 1068 1042 encomio
1097 999 1278 1054 Agesilai
1308 1012 1333 1038 a
1363 998 1656 1041 Valckeuaerio
1695 1001 1880 1041 excitata.
1963 1001 2006 1042 Is
2048 1000 2153 1055 euim
2181 999 2286 1051 loca,

712 1073 819 1114 quae
849 1060 891 1099 in
909 1060 1017 1099 Hist.
1044 1059 1115 1100 Gr.
1145 1064 1187 1098 et
1217 1057 1400 1097 encomio
1420 1055 1600 1110 Agesilai
1631 1057 1682 1099 ad
1709 1057 1881 1099 verbum
1909 1058 1995 1100 fere
2020 1055 2286 1107 eafflssina

714 1116 766 1154 ab
797 1115 926 1156 aliena
958 1130 1080 1154 manu
1112 1130 1162 1156 ex
1191 1114 1261 1154 illa
1293 1114 1335 1152 in
1364 1113 1442 1154 hoc
1472 1115 1741 1170 transscripta
1770 1128 1862 1156 esse
1889 1121 2096 1166 autumat,
2120 1114 2288 1154 ‘Weis-

712 1172 780 1211 kio
800 1170 841 1222 4)
879 1174 1127 1211 contrarium
1167 1169 1449 1211 contendente.
1538 1171 1643 1211 Nam
1679 1186 1807 1226 quum
1845 1173 2071 1221 encomium
2108 1170 2289 1224 Agesilai

711 1235 810 1282 post
837 1227 959 1281 hujus
988 1233 1160 1267 mortem
1195 1228 1248 1276 (a.
1278 1223 1402 1279 560.)
1432 1227 1584 1267 recenti
1613 1235 1724 1269 certe
1760 1228 1837 1268 viri
1864 1228 2059 1271 memoria
2088 1226 2291 1281 composi-

710 1292 798 1324 tum
838 1285 915 1334 sit,
977 1284 1154 1337 plurima
1200 1283 1291 1323 loca
1328 1297 1378 1321 ex
1415 1283 1635 1324 Hellenicis
1672 1287 1714 1323 in
1752 1284 1855 1324 illud
1893 1285 2062 1325 fluxisse
2103 1289 2289 1338 apparet,

712 1341 865 1395 quippe
903 1340 1015 1395 quod
1048 1339 1135 1395 jam
1171 1353 1278 1380 anno
1315 1336 1414 1380 358.
1445 1346 1588 1382 sextus
1620 1341 1729 1382 Hell.
1765 1340 1870 1382 liber
1907 1355 2037 1396 paene
2073 1339 2290 1382 absolutus

715 1398 914 1438 videatur.
936 1420 996 1429 —-
1055 1397 1196 1437 Simile
1225 1397 1349 1448 igitur
1375 1409 1502 1450 quam
1534 1396 1796 1452 Thucydides
1820 1397 1950 1440 fatum
1981 1403 2175 1451 expertus
2205 1397 2290 1437 Xe·

713 1453 908 1508 nophon,
968 1453 1176 1493 materiam
1212 1451 1409 1492 historiae
1439 1451 1679 1507 scribendae
1715 1454 1813 1494 exul
1843 1453 2030 1506 collegit,
2092 1453 2289 1495 liberatus
2326 1506 2333 1509 .

714 1512 836 1553 exilio
865 1511 1081 1550 maximam
1111 1515 1268 1564 partem
1302 1509 1503 1561 exaravit,
1566 1510 1687 1549 simul
1724 1525 1820 1550 vero
1857 1510 2050 1563 colligere
2082 1513 2289 1553 materiam

711 1568 913 1623 perrexit3
954 1580 1048 1607 nam
1068 1572 1244 1617 certum,
1275 1580 1359 1622 quo
1376 1564 1525 1608 *finiret
1551 1566 1783 1620 historiam,
1814 1568 2027 1610 terminum
2057 1582 2292 1625 proponere

713 1624 793 1666 sibi
822 1638 906 1665 non
935 1625 1121 1678 potuisse
1150 1623 1493 1677 xenophontem,
1551 1631 1663 1666 recte
1691 1632 1830 1666 monet
1860 1623 2091 1667 Delhraek.‘
2118 1641 2161 1682 p.
2192 1624 2289 1668 119.

714 1684 827 1737 Apte
856 1687 991 1722 autem
1021 1681 1063 1720 in
1093 1679 1253 1734 proelio
1280 1680 1527 1721 Mantinensi
1556 1681 1792 1723 substitisse
1817 1682 2062 1737 judicandus
2091 1690 2174 1737 cst,
2207 1684 2283 1724 sic-

717 1746 763 1779 ut
790 1739 1061 1779 Anaximenes
1093 1739 1396 1792 Lampsacenus
1426 1738 1563 1790 (Diod.
1596 1737 1666 1793 15,
1696 1737 1767 1781 89.
1801 1739 1851 1781 cf.
1881 1737 1922 1794 5.
1954 1738 2055 1791 ’10.).

1446 1909 1487 1966 g.
1529 1909 1568 1951 7.

1282 2002 1327 2031 De
1353 2004 1486 2033 fontibus
1510 2005 1727 2045 Xenophontis.

835 2101 1078 2154 Quaeritur,
1121 2098 1272 2156 quibus
1305 2099 1489 2143 fontibus
1528 2101 1709 2145 hauserit
1742 2102 1984 2160 Xenophon.
2073 2104 2287 2146 Postremo

717 2157 817 2200 belli
848 2159 992 2214 Pelop.
1022 2165 1208 2215 tempore
1232 2164 1275 2200 et
1302 2160 1487 2213 proxime
1515 2160 1770 2217 insequente
1786 2163 1957 2203 Athenis
1987 2169 2194 2213 versatus,
2226 2178 2289 2202 re-

718 2216 798 2256 bus
829 2218 871 2255 in
892 2218 992 2256 Asia
1021 2218 1124 2256 intra
1156 2230 1285 2256 annos
1316 2214 1567 2259 401—594.
1597 2219 1723 2272 gestis
1753 2219 1841 2274 ipse
1872 2220 2074 2273 interl'uit5
2104 2220 2144 2258 in
2166 2221 2289 2259 Grae-

719 2275 820 2315 ciam
863 2289 955 2315 cum
983 2274 1174 2327 Agesilao
1212 2288 1400 2316 reversus
1443 2289 1748 2332 nonnumquam
1790 2277 1950 2318 videtur
1989 2277 2291 2331 expeditionum

720 2331 772 2370 ab
805 2346 878 2383 eo,
932 2347 970 2374 v.
1001 2346 1034 2372 c.
1063 2333 1107 2372 in
1136 2331 1246 2374 bello
1277 2331 1488 2374 Corinthio
1520 2333 1720 2376 factarum
1749 2336 1955 2390 particeps
1985 2335 2111 2375 fuisse
2142 2333 2213 2387 (cf.
2247 2331 2286 2386 5.

760 2529 796 2566 5)
835 2530 866 2564 2,
889 2529 946 2560 50.

761 2586 800 2624 4)
840 2587 915 2615 Xen.
936 2586 1056 2625 Scripta
1080 2589 1145 2617 vol.
1166 2590 1215 2618 1v.
1247 2600 1276 2629 p.
1303 2590 1375 2620 411.
