2626 3230
1038 190 1332 231 -5-

402 304 671 343 democratiae
719 303 850 344 forma
897 313 937 345 ct
982 303 1323 359 philosophorum
1373 303 1730 359 sophistarumque
1773 305 1979 357 doctrina;

401 360 471 399 illa
501 363 605 401 enim
638 361 810 402 otiosam
840 364 1230 411 πολυπραγμοσύνην
1261 368 1302 402 et
1339 360 1468 401 facilis
1510 361 1722 416 laetaeque
1752 362 1858 403 vitae
1890 370 1977 401 stu-

400 417 535 471 dium,
595 418 693 459 haec
729 420 975 475 impietatem
1016 419 1196 471 induxit,
1259 419 1325 460 cui
1359 418 1457 459 nihil
1503 419 1679 475 amplius
1718 426 1903 459 sanctum
1927 418 1977 473 ⁹²).

400 475 508 526 Quid
536 477 703 529 mirum,
747 478 857 533 quod
885 477 1072 520 meliores
1107 477 1314 529 nonnulli,
1364 477 1557 531 pristinae
1586 477 1748 517 virtutis
1778 490 1979 517 memores

400 540 525 589 atque
554 540 740 588 tenaces,
771 536 822 577 ad
845 536 1069 578 Socratem<
1087 550 1176 577 sese
1203 534 1486 590 applicabant,
1517 535 1730 578 sanctioris
1758 535 1866 577 vitae
1895 550 1977 576 ma-

399 592 602 643 gistrum?
675 594 710 634 li
740 609 869 648 nunc,
902 607 1007 648 quae
1037 602 1101 635 est
1132 593 1254 634 animi
1283 593 1447 633 humani
1476 599 1645 646 natura,
1675 590 1977 650 amplecteban-

398 656 468 688 tur
494 651 597 691 vitae
626 652 851 704 rationem,
890 651 1116 693 dissolutae
1147 653 1215 691 isti
1244 666 1418 706 prorsus
1449 644 1703 705 oppositam,
1741 657 1787 691 ut
1817 652 1976 691 Aristo·

399 705 544 759 phanis
576 707 714 749 verbis
743 716 836 749 utar
856 706 895 764 ³)

575 762 903 808 ἐλακωνομάνουν
927 762 1095 800 ἅπαντες
1117 763 1323 808 ἄνθρωποι
1345 763 1439 805 τότε,

574 810 739 855 ἐκόμων,
767 811 946 856 ἐπείνων,
972 809 1173 857 ἐῤῥύπων,
1207 811 1470 856 ἐσωκράτουν,
1525 852 1529 855 χ

574 859 748 896 σκυτάλι’
775 860 955 907 ἐφόρουν.

398 907 819 949 Marathonomachica
848 911 1028 961 indoles,
1083 911 1285 950 Laconica
1315 916 1357 949 et
1382 908 1589 951 Socratica
1619 908 1660 946 in
1693 921 1815 946 unam
1847 919 1974 960 quan-

397 963 490 1004 «lam
524 967 729 1018 coierunt,
791 982 872 1022 qua
904 965 1219 1021 Xenophontem
1282 981 1420 1021 noque
1457 964 1658 1005 imbutum
1688 964 1837 1015 fuisse,
1898 964 1978 1002 vita

395 1022 631 1078 scriptaque
672 1023 842 1077 docent,
902 1038 1135 1080 quanquam
1167 1024 1242 1079 pul
1316 1025 1327 1034 '
1360 1037 1507 1063 sensus
1538 1023 1616 1077 ipsi
1645 1022 1849 1074 ingenitus
1880 1020 1975 1060 effe-

398 1080 473 1130 cit,
523 1087 570 1120 ut
599 1096 786 1136 asperam
817 1084 1073 1123 severitatem
1104 1083 1224 1122 istam
1251 1087 1508 1136 temperaret.
1587 1080 1687 1120 Erat
1717 1086 1851 1118 autem
1883 1078 1976 1117 sim-

396 1136 494 1190 plex
519 1137 667 1190 homo,
706 1139 939 1192 modestus,
978 1139 1214 1192 religiosuS,
1255 1140 1396 1181 dexter
1424 1144 1465 1179 et
1494 1137 1700 1193 prudens,
1732 1135 1804 1176 sed
1835 1133 1886 1174 ad
1918 1135 1975 1172 vi-

397 1201 462 1233 tae
500 1196 680 1248 vulgaris
728 1199 890 1249 negotia
933 1199 1084 1249 magiS,
1145 1211 1267 1253 quam
1311 1197 1362 1236 ad
1408 1195 1644 1236 subtiliores
1690 1191 1977 1248 philosophiae

398 1254 656 1306 quaestiones
689 1253 822 1295 factus
854 1262 895 1295 et
926 1268 1156 1309 propensus
1174 1252 1229 1309 4).
1303 1254 1371 1295 Sic
1399 1253 1552 1295 factum
1582 1259 1664 1304 est,
1717 1258 1762 1291 ut
1794 1250 1974 1292 Socratis

397 1309 648 1361 diligentior,
679 1326 801 1363 quam
828 1312 1118 1361 intelligentior
1148 1311 1336 1352 evaderet
1365 1311 1603 1364 discipulus.
1663 1311 1851 1363 Namque
1885 1307 1974 1361 phi·

397 1365 628 1420 losophiam
656 1365 746 1420 ejus
779 1366 995 1416 moralem,
1051 1365 1102 1404 ad
1132 1379 1253 1418 quam
1278 1367 1454 1404 animum
1484 1380 1604 1406 suum
1634 1367 1837 1419 vitamque
1867 1379 1975 1404 com-

398 1430 589 1477 poneret,
629 1423 687 1463 ita
717 1424 845 1478 cepit,
895 1429 942 1463 ut
973 1421 1181 1478 quomodo
1209 1421 1367 1464 Socrati
1399 1421 1576 1463 adscribi
1603 1423 1759 1477 possit,
1806 1435 1889 1462 non
1918 1421 1975 1460 fa-

401 1481 476 1520 cile
508 1482 731 1536 perspicias
752 1479 804 1536 ὅ).
864 1480 986 1521 Certe
1018 1487 1226 1520 externam
1257 1481 1379 1520 modo
1413 1481 1589 1534 speciem
1619 1487 1660 1520 et
1693 1478 1865 1520 docendi
1894 1493 1974 1517 me-

399 1538 570 1578 thodum
600 1539 802 1593 percepit,
849 1539 892 1578 in
921 1538 1141 1592 sapientiae
1171 1539 1402 1579 Socraticae
1428 1538 1678 1592 penetralia,
1720 1550 1825 1591 quae
1855 1536 1975 1576 Plato

398 1596 576 1636 initiatus
609 1595 728 1649 adiit,
770 1611 854 1638 non
884 1595 1098 1636 admissus.
1175 1596 1421 1650 »Descripsit
1451 1595 1660 1637 Socratem
1691 1593 1743 1634 ab
1774 1608 1853 1635 una
1887 1600 1974 1634 tan-

397 1660 484 1691 tum
516 1660 653 1707 pgte,
685 1667 814 1709 eaque
844 1654 1019 1707 primum
1050 1668 1095 1693 se
1118 1653 1315 1693 offerente
1343 1655 1417 1704 iis,
1452 1667 1557 1708 quos
1588 1653 1760 1692 maxime
1790 1652 1841 1690 ad
1872 1652 1975 1689 vitae

399 1712 562 1761 negotia
595 1717 739 1750 natura
776 1711 966 1751 formavit
982 1708 1057 1760 6).««
1153 1711 1257 1749 Nam
1288 1710 1498 1750 Socratem
1536 1711 1696 1763 ipsum,
1758 1715 1974 1762 perspecto

401 1767 582 1821 simplice
615 1774 655 1806 et
688 1767 834 1822 jejuno
866 1766 1151 1820 Xenophontis
1187 1767 1370 1816 ingenio,
1439 1766 1627 1805 consulto
1661 1779 1745 1804 non
1785 1764 1903 1818 plura
1936 1770 1972 1799 vt

397 1826 568 1865 rectiora
599 1825 635 1865 ei
665 1824 879 1864 tradidisse
899 1822 960 1878 ⁷),
999 1825 1140 1879 utique
1172 1822 1367 1864 abhorret
1396 1822 1448 1863 ab
1480 1822 1569 1879 ejus
1600 1821 1770 1864 docendi
1800 1822 1970 1881 ratione,

431 1999 479 2061 ⁵⁸2)
521 2027 567 2056 Cf.
593 2027 757 2064 notscher,
778 2026 930 2065 Aristoph.
953 2036 980 2053 u.
1003 2027 1066 2054 scin
1087 2027 1232 2055 Zeitnltrr
1253 2037 1281 2065 p.
1303 2026 1347 2056 95
1368 2037 1431 2065 sqq.

440 2087 477 2122 ι’»)
518 2088 570 2115 Av.
595 2084 675 2114 {28⁴2
699 2096 764 2123 sqq.

440 2143 478 2180 4)
520 2139 629 2177 Καλός
652 2140 813 2191 κάῖαὸός,
840 2143 878 2171 cf.
905 2143 1069 2172 Dclhriick.
1089 2144 1110 2171 l.
1132 2144 1151 2170 1.
1174 2153 1204 2182 p.
1226 2143 1242 2170 1
1262 2153 1303 2181 sq.

437 2202 470 2235 ὅ)
512 2203 558 2229 Cs-
578 2201 855 2232 Schleiermachvr,
886 2202 961 2228 fiber
982 2203 1039 2229 den
1060 2201 1171 2229 Werth
1197 2202 1250 2228 des
1271 2202 1354 2230 Socr.
1376 2203 1420 2229 als
1443 2202 1663 2238 Philosophcn,
1685 2203 1715 2229 in
1737 2201 1850 2228 comm.
1878 2201 1969 2229 Aemi.

518 2239 617 2267 Bcrol.
638 2238 734 2267 1814.
756 2249 785 2277 p.
808 2238 862 2266 50.

440 2298 477 2334 6)
515 2297 615 2327 Verba
644 2301 712 2325 sunt
736 2297 867 2325 Dissenii
894 2298 930 2325 V·
959 2297 994 2325 D.
1024 2298 1055 2326 in
1084 2296 1192 2326 libello
1219 2297 1256 2325 de
1278 2298 1387 2336 philos.
1410 2297 1520 2326 morali
1540 2298 1570 2325 in
1594 2297 1800 2335 xenophontis
1827 2298 1863 2323 dv
1887 2297 1969 2324 socr.

520 2336 740 2365 commentariis
761 2337 874 2364 tradita
898 2346 926 2374 p.
949 2335 998 2364 28.

440 2396 473 2430 ⁷)
514 2396 579 2424 Hoc
607 2395 704 2423 voluit
731 2395 845 2432 Anglus
871 2396 995 2431 quidam
1030 2395 1060 2422 in
1080 2394 1259 2433 Edinhurgh
1280 2395 1399 2422 Review
1422 2395 1487 2422 Vol.
1509 2394 1560 2421 117.
1582 2405 1612 2431 p.
1637 2394 1706 2421 5¹12
1725 2404 1767 2431 sq.
1790 2397 1831 2422 sic
1854 2396 1969 2423 dicem.

522 2435 574 2466 „A
595 2434 654 2461 few
673 2442 749 2461 snws
778 2434 814 2460 os
835 2434 994 2470 morality,
1034 2434 1093 2461 and
1114 2443 1132 2461 a
1159 2434 1219 2460 few
1240 2434 1275 2460 of
1301 2433 1351 2460 the
1378 2434 1513 2470 simplest
1537 2434 1687 2461 doctrines
1706 2434 1740 2459 of
1768 2435 1886 2462 natural
1901 2435 1969 2461 reli-

520 2473 592 2512 gion
617 2482 697 2501 were
728 2473 843 2512 enough
874 2472 923 2501 sor
957 2473 1007 2501 the
1034 2473 1116 2511 good
1135 2481 1233 2511 young
1255 2482 1331 2499 mnu.
1373 2472 1437 2500 The
1459 2476 1563 2510 strong
1586 2476 1681 2499 ment⁴
1706 2472 1754 2500 the
1776 2472 1849 2500 bold
1869 2481 1969 2511 spu-w
