2626 3230
1394 274 1679 317 *16*

747 395 941 450 quoniam
960 392 1250 448 Tyn-annorum
1273 390 1549 449 Pheraeorum
1569 391 1718 432 mentio
1740 390 1822 432 flat.
1881 390 1989 433 Saue
2014 390 2178 449 quidun
2202 391 2229 432 l.
2244 392 2315 433 VI.

747 452 794 504 4,
816 450 888 492 57.
910 450 1043 492 obiter
1070 448 1314 500 Alexandri,
1336 448 1613 491 Pheraeorum
1642 449 1818 505 tyranni,
1839 449 2001 490 caedem
2031 450 2173 501 refert,
2211 463 2317 504 quiae

748 510 815 549 01.
835 506 937 559 105,
953 505 994 547 2.
1021 505 1164 545 accidit
1191 503 1248 560 4).
1273 513 1281 518 “
1307 508 1366 547 At
1398 520 1482 548 non
1512 507 1717 559 reputavit
1744 506 1795 545 V.
1824 506 1891 555 1).‚
1921 507 1977 546 itu
1991 512 2117 546 semet
2135 505 2213 546 sibi
2237 504 2318 560 ipsi

749 578 991 618 repugnare.
1058 562 1163 603 Nam
1200 563 1243 604 iu
1278 563 1419 618 primis
1456 561 1621 604 duobus
1648 561 1762 601 libris
1789 561 2105 616 Xenophontem
2135 561 2317 603 nentium

748 621 909 662 exulem
937 616 1053 677 juste
1083 619 1134 660 de
1163 618 1481 663 Atheniensibus
1506 618 1715 674 judiente,
1760 619 1803 658 in
1832 618 2014 673 quinque
2030 650 2033 653 Α
2048 617 2318 673 sequentibus

748 686 908 729 autem,
949 678 1104 732 quippe
1141 677 1261 723 exilio
1302 677 1462 716 interim
1500 674 1763 725 mulctatum,
1814 674 1977 715 scelesti
2014 689 2111 727 erga
2147 675 2320 729 patriam

749 736 871 775 animi
911 734 1053 774 odiosa
1092 732 1332 775 documenta
1372 730 1563 772 exhibere
1599 730 1709 770 dicit.
1777 732 1908 785 Atqui
1945 732 2128 786 quinque
2161 730 2239 770 hos
2270 730 2318 770 li·

748 792 849 832 bros
888 797 985 845 post
1025 789 1091 828 01.
1129 786 1230 829 106.
1272 788 1486 828 confectos
1525 801 1616 829 esse
1655 786 1770 839 vult,
1820 802 1905 842 quo
1946 788 2107 843 qm‘dem
2137 794 2321 843 tempore

750 847 1066 901 Xenophontem
1105 859 1198 885 cum
1241 846 1374 900 patria
1404 845 1492 902 jam
1520 844 1674 885 dudum
1702 845 1743 884 in
1773 846 1941 898 gratiam
1971 845 2139 886 rediisse
2169 846 2318 886 scimus

751 906 825 960 (cf.
855 919 979 958 supra
1021 902 1061 958 §-
1091 900 1162 957 1.).
1237 903 1349 955 Ergo
1389 902 1503 942 nulla
1544 903 1770 942 inimicitiae
1809 903 1850 941 in
1888 902 2158 943 Athenienses
2198 916 2319 943 eausa

750 963 830 1016 ipsi
876 961 1148 1002 remansisset.
1216 960 1325 1000 Tum
1363 974 1460 1000 vero
1500 959 1734 1008 Alexandri?
1764 959 1896 1000 caedis
1936 960 2086 1000 mentio
2126 958 2183 999 nil
2212 959 2322 999 aliud

754 1019 923 1070 evincit,
965 1032 1088 1072 quam
1117 1015 1222 1057 hanc
1250 1018 1379 1071 ipsam
1410 1032 1494 1057 rem
1524 1022 1620 1070 post
1650 1016 1714 1057 Ol.
1737 1014 1835 1057 106.
1867 1031 1890 1055 a
1922 1015 2195 1070 Xenophonte
2227 1031 2322 1056 con-

755 1079 955 1129 signatam
984 1088 1097 1125 esse3
1138 1089 1211 1114 nee
1244 1074 1344 1116 nihil
1375 1073 1536 1124 obstat,
1569 1074 1787 1128 quominus
1819 1088 1907 1114 eam
1936 1073 2200 1128 postmodum
2224 1080 2320 1128 apto

754 1134 847 1173 huie
880 1133 970 1171 loeo
1003 1131 1194 1170 insertam
1226 1144 1316 1170 esse
1347 1137 1585 1170 statuamus.
1646 1129 1727 1169 Sed
1760 1130 1812 1170 cf.
1841 1130 1945 1169 infra
1974 1129 2014 1184 §-
2043 1129 2083 1169 6.
2100 1128 2142 1169 9.
2177 1131 2322 1184 Itaque

754 1190 845 1228 hinc
875 1187 1042 1241 probari
1073 1187 1238 1241 nequit,
1269 1185 1434 1235 ultimos
1465 1186 1646 1240 quinque
1674 1184 1802 1227 libros
1836 1187 2109 1242 quadraginti
2136 1187 2221 1227 fere
2252 1201 2321 1226 an-

754 1261 831 1286 nos
863 1253 960 1299 post
991 1244 1151 1298 priores
1182 1243 1286 1284 duos
1319 1257 1410 1283 esse
1450 1243 1712 1297 compositos.
1771 1244 1957 1299 Denique
1989 1244 2172 1284 Niebuhr
2201 1245 2324 1284 hosce

755 1319 837 1344 non
878 1304 932 1342 ita
971 1301 1101 1341 multo
1142 1308 1241 1355 post
1278 1314 1370 1353 eas,
1432 1314 1536 1356 quas
1574 1300 1808 1342 contineant
1850 1316 1940 1352 res,
1989 1315 2010 1341 a
2050 1300 2323 1355 Xenophonte

756 1361 1010 1414 compositos
1057 1372 1147 1398 esse
1199 1359 1413 1398 existimat.
1481 1357 1678 1412 Alioquin
1725 1359 1830 1397 enim
1879 1358 2198 1412 Xenophontem
2243 1373 2324 1398 non

756 1419 863 1457 benc
892 1417 1025 1456 dicere
1052 1415 1260 1468 potuisse,
1292 1412 1542 1468 Thrasybuli
1573 1413 1708 1454 socios
1740 1428 1831 1454 cum
1865 1421 2129 1469 tyrannorum
2160 1415 2326 1455 asseclis

758 1477 986 1513 etiamnunc
1021 1469 1268 1524 reipublicae
1308 1470 1596 1510 communitate
1635 1470 1723 1522 uti3
1763 1471 1933 1511 vixerint
1969 1472 2093 1525 igitur
2132 1479 2324 1526 oportere

757 1547 806 1572 eo
848 1530 978 1570 adhue
1016 1533 1224 1581 tempore,
1270 1541 1353 1582 quo
1382 1526 1616 1581 Xenophon
1654 1526 1862 1569 scriberet.
1924 1529 1980 1568 At
2012 1544 2087 1568 nos
2118 1544 2202 1569 non
2233 1545 2324 1582 gra·

758 1595 849 1628 vate
890 1588 938 1626 iis
979 1585 1176 1637 largimur
1217 1583 1282 1624 vel
1321 1584 1461 1637 viginti
1500 1590 1541 1625 et
1575 1584 1716 1639 plures
1749 1592 1846 1639 post
1876 1586 2132 1627 concordium
2163 1588 2325 1629 restitu-

759 1654 844 1686 tam
885 1657 1025 1684 annos.
1104 1642 1210 1681 Nam
1248 1647 1556 1692 argumentum,
1604 1656 1689 1696 quo
1734 1641 1907 1682 subinde
1944 1644 2085 1683 nititur
2127 1642 2325 1696 Niebuhr,

760 1702 859 1742 nihil
891 1701 1025 1741 valere
1055 1699 1228 1751 videtur,
1259 1698 1414 1739 scilicet
1444 1697 1586 1754 populi
1614 1700 1657 1740 in
1681 1698 1950 1755 jurejurando
1980 1702 2179 1743 servando
2205 1702 2325 1743 fidem

761 1759 1028 1815 quadraginta
1060 1771 1260 1797 annorum
1290 1757 1424 1809 spatio
1449 1757 1694 1812 interposito
1726 1771 1809 1797 non
1838 1759 1962 1798 tantis
1995 1758 2184 1799 laudibus
2203 1759 2329 1799 fuisse

759 1814 1057 1866 extollendam,
1081 1815 1234 1869 quippe
1265 1812 1379 1869 quod
1409 1819 1508 1856 tunc
1541 1813 1634 1857 odia
1659 1813 1745 1870 jam
1775 1814 1845 1855 diu
1875 1817 2122 1858 evanuerint.
2174 1818 2327 1858 Verum

759 1876 964 1916 enimvero
994 1873 1079 1913 irae
1110 1879 1150 1912 et
1180 1872 1398 1912 simultatis
1428 1872 1707 1913 tenacissimos
1739 1872 1866 1913 fuisse
1897 1875 2102 1926 Graecos,
2150 1882 2196 1914 ut
2225 1875 2328 1915 obli·

761 1935 923 1972 vionem
953 1930 1197 1984 promissam
1225 1929 1408 1980 facilius,
1441 1943 1561 1983 quam
1590 1929 1776 1985 injuriam
1806 1938 2011 1985 acceptam
2042 1931 2328 1973 oblivisceren-

761 1997 854 2041 tur,
884 2001 1002 2028 nemo
1031 1986 1180 2026 nescit:
1220 1986 1337 2041 cujus
1367 1987 1424 2025 rei
1456 1987 1685 2041 exemplum
1714 1985 1863 2027 habeas
1894 2003 1931 2028 v.
1964 2002 1998 2028 c.
2030 1989 2138 2043 apud
2168 1990 2329 2046 Lysiam

762 2049 804 2087 in
845 2047 1014 2097 Agorat.
1057 2041 1098 2098 §-
1129 2041 1225 2096 423
1283 2043 1361 2083 alia
1404 2044 1541 2083 attulit
1580 2043 1742 2084 Sievers
1778 2046 2061 2087 Commentatt.
2100 2046 2241 2089 histor.
2281 2048 2332 2088 de

764 2102 953 2157 Xenoph.
985 2101 1092 2142 Hell.
1129 2100 1232 2141 Pars
1265 2099 1302 2140 1.
1350 2116 1391 2155 p.
1421 2099 1463 2140 4.
1525 2101 1574 2141 cf.
1609 2101 1897 2142 Wachsmuth.
1928 2100 1969 2155 1,
2002 2102 2045 2155 2,
2076 2102 2174 2145 266.
2250 2106 2331 2146 Ra-

762 2162 967 2202 rissimum
996 2159 1118 2210 igitur
1146 2157 1248 2198 illud
1281 2157 1509 2212 exemplum
1540 2158 1664 2198 videri
1694 2158 1870 2199 debebat
1894 2161 2178 2215 Xenophonti;
2206 2163 2332 2202 simile

765 2218 887 2274 quid,
919 2221 1116 2272 quantum
1147 2216 1291 2267 seiam,
1323 2221 1458 2256 exstat
1484 2221 1641 2258 tantum
1670 2216 1779 2271 apud
1813 2215 2091 2274 Thucydidem
2111 2216 2149 2275 ὅ)
2183 2219 2233 2260 de
2257 2219 2329 2259 Sa-

809 2438 847 2475 4)
888 2438 938 2466 Sic
959 2442 1038 2466 certe
1065 2438 1170 2465 sumit
1195 2434 1315 2466 enum·
1341 2436 1422 2466 Fut.
1458 2436 1538 2469 lien.
1567 2439 1612 2466 ed.
1632 2438 1778 2477 *lirueger
1805 2449 1833 2477 p.
1857 2439 1932 2469 1³2.
1956 2439 2025 2469 500
2049 2450 2091 2477 sq.
2146 2441 2206 2469 Alii
2233 2450 2245 2466 s
2249 2449 2331 2468 eeeeee

889 2477 959 2504 dum
980 2476 1104 2503 Diodor.
1128 2475 1177 2508 ¹6,
1200 2475 1250 2504 14.
1272 2480 1448 2514 acceperuut
1469 2475 1518 2503 01.
1543 2476 1616 2510 ¹03,
1637 2475 1668 2505 4.

810 2533 845 2564 5)
887 2533 977 2561 Thnc.
1001 2530 1029 2559 8.
1054 2531 1103 2559 75.
